%% Created using Papers on Tue, 10 Jul 2012.
%% http://mekentosj.com/papers/

@book{Benedikt:823808,
author = {Benedikt, Michael and Collier, Paul and Mertens, V and Poole, John and Schindl, Karlheinz},
title = {{LHC Design Report}},
publisher = {CERN},
year = {2004},
address = {Geneva}
}

@article{Mathias:2007vl,
author = {Mathias, B},
title = {{Z^{0} Production at \Aleph}},
year = {2007},
month = oct
}

@article{Delerue:2004ey,
author = {Delerue, Nicolas and Fujii, Keisuke and Okada, Nobuchika},
title = {{Higgs pair production at a linear e+e- collider in models with large extra dimensions}},
journal = {Physical Review D},
year = {2004},
volume = {70},
number = {9},
month = nov,
annote = {Published in: Phys.Rev. D70 (2004) 091701

10 pages, 3 figures, Accepted by the Physical Review Journal D}
}

@article{Kibble:1967by,
author = {Kibble, T W B},
title = {{Symmetry Breaking in Non-Abelian Gauge Theories}},
journal = {Physical Review},
year = {1967},
volume = {155},
number = {5},
pages = {1554--1561},
month = mar
}

@article{Englert:1964sf,
author = {Englert, F and Brout, R},
title = {{Broken Symmetry and the Mass of Gauge Vector Mesons}},
journal = {Physical Review Letters},
year = {1964},
volume = {13},
number = {9},
pages = {321--323},
month = aug
}

@article{Klein:1964xy,
author = {Klein, Abraham and Lee, Benjamin W},
title = {{Does Spontaneous Breakdown Of symetry imply zero-mass Particles}},
journal = {Physical Review Letters},
year = {1964},
volume = {12},
number = {10},
pages = {267--268},
month = mar
}

@book{Aitchison:1996fp,
author = {Aitchison, I J R and Hey, A J G},
title = {{Gauge theories in Particle Physics}},
year = {1996}
}

@article{Nambu:1961rm,
author = {Nambu, Y and Jona-Lasinio, G},
title = {{Dynamical Model of Elementary Particles Based on an Analogy with Superconductivity}},
journal = {Physical Review},
year = {1961},
volume = {122},
number = {1},
pages = {345--358},
month = apr
}

@article{G.-S.-Guralnik:1964ph,
author = {G S Guralnik, C R Hagen and Kibble, T W B},
title = {{Global Conservation laws and massles particles}},
journal = {Physical Review Letters},
year = {1964},
volume = {13},
number = {20},
pages = {585--587},
month = nov
}

@article{Gilbert:1964pi,
author = {Gilbert, Walter},
title = {{Broken Symmetries and massless particles}},
journal = {Physical Review Letters},
year = {1964},
volume = {12},
number = {25},
pages = {713--714},
month = jun
}

@article{Anderson:1963yg,
author = {Anderson, P W},
title = {{Plasmons, Gauge Invariance, and Mass}},
journal = {Physical Review},
year = {1963},
volume = {130},
number = {1},
pages = {439--442},
month = apr
}

@article{Higgs:1966cl,
author = {Higgs, Peter W},
title = {{Spontaneous Symmetry Breakdown without Massless Bosons}},
journal = {Physical Review},
year = {1966},
volume = {145},
number = {4},
pages = {1156--1163},
month = may
}

@article{Higgs:1964eu,
author = {Higgs, Peter W},
title = {{Broken Symmetres and the Masses of Gauge Bosons}},
journal = {Physical Review Letters},
year = {1964},
volume = {13},
number = {16},
pages = {508--509},
month = oct
}

@article{Weinberg:1967vf,
author = {Weinberg, Steven},
title = {{A Model of Leptons}},
journal = {Physical Review Letters},
year = {1967},
volume = {19},
number = {21},
pages = {1264--1266},
month = nov
}

@article{Jeffery-Goldstone:1962hb,
author = {Goldstone, Jeffory and Salam, Adbus and Weinberg, Steven},
title = {{Broken Symmetries}},
journal = {Physical Review},
year = {1962},
volume = {127},
number = {3},
pages = {965--970},
month = aug
}

@book{Coleman:2007rz,
author = {Coleman, Peirs},
title = {{The evolving monogram on many body physics}},
year = {2007}
}

@article{Jenkins:2006wj,
author = {Jenkins, Alejandro},
title = {{Topics in particle physics and cosmology beyond the standard model}},
journal = {arXiv},
year = {2006},
volume = {hep-th},
month = jul,
annote = {Caltech PhD thesis, defended 26 May 2006, advisor: Mark B. Wise; 124
  pages, 23 figures, 2 tables; uses new{\_}cit{\_}thesis.cls (included) and FeynMF}
}

@article{Giannakis:2006ur,
author = {Giannakis, Ioannis and Hou, Defu and Huang, Mei and Ren, Hai-cang},
title = {{Higgs instability in gapless superfluidity/superconductivity}},
journal = {arXiv},
year = {2006},
volume = {hep-ph},
month = jun,
annote = {Published in: Phys.Rev. D75 (2007) 011501

4 pages, 2 figure, one figure added}
}

@article{Unsal:2008vu,
author = {Unsal, Mithat},
title = {{Topological symmetry, spin liquids and CFT duals of Polyakov model with  massless fermions}},
journal = {arXiv},
year = {2008},
volume = {cond-mat.str-el},
month = apr,
annote = {30 pages, 1 figure, 1 table}
}

@article{Babaev:2002wf,
author = {Babaev, Egor},
title = {{A marginal remark on massless neutral boson is two-gap superconductors}},
journal = {arXiv},
year = {2002},
volume = {cond-mat.supr-con},
month = jan,
annote = {v3: Merged with the journal version of cond-mat/0111192 on a referee
  request. v4: references added}
}

@article{Schakel:2000vp,
author = {Schakel, A},
title = {{Superconductor-Insulator Quantum Phase Transitions}},
journal = {Arxiv preprint cond-mat},
year = {2000},
month = jan
}

@article{deMatos:2006tr,
author = {de Matos, C},
title = {{Gravitoelectromagnetism and Dark Energy in Superconductors}},
journal = {Arxiv preprint gr-qc},
year = {2006},
month = jan
}

@article{Consoli:2003wi,
author = {Consoli, M and Costanzo, E},
title = {{Quantum-hydrodynamical picture of the massive Higgs boson}},
journal = {arXiv},
year = {2003},
volume = {hep-ph},
month = nov,
annote = {Published in: Eur.Phys.J. C33 (2004) 297-305

Latex file, 20 pages, no figures}
}

@article{Giannakis:2006tu,
author = {Giannakis, Ioannis and Hou, Defu and Huang, Mei and Ren, Hai-cang},
title = {{Inhomogeneity driven by Higgs instability in gapless superconductor}},
journal = {arXiv},
year = {2006},
volume = {hep-ph},
month = sep,
annote = {Published in: Phys.Rev. D75 (2007) 014015

21 pages, 5 figures}
}

@article{Georgi:1974p130,
author = {Georgi, H and Glashow, S},
title = {{Unity of All Elementary-Particle Forces}},
journal = {Physical Review Letters},
year = {1974},
month = jan
}

@article{Schmaltz:2002vn,
author = {Schmaltz, M},
title = {{Introducing the Little Higgs}},
journal = {Arxiv preprint hep-ph},
year = {2002},
month = jan
}

@article{Ferrara:1979ve,
author = {Ferrara, S and Girardello, L and Palumbo, F},
title = {{General mass formula in broken supersymmetry}},
journal = {Physical Review D},
year = {1979},
month = jan
}

@article{Dalfovo:1995tq,
author = {Dalfovo, F and Fracchetti, A and Lastri, A and Pitaevski, L and Stringari, S},
title = {{Rotons and Quantum Evaporation from Superfluid 4He}},
journal = {arXiv},
year = {1995},
volume = {cond-mat},
month = may,
annote = {11 pages, REVTEX, 3 figures available upon request or at
  http://anubis.science.unitn.it/~dalfovo/papers/papers.html}
}

@article{Boronat:1996vz,
author = {Boronat, J and Casulleras, J},
title = {{Microscopic calculation of the phonon-roton branch in superfluid 4He}},
journal = {arXiv},
year = {1996},
volume = {cond-mat},
month = jul,
annote = {12 pages, RevTex, 3 ps figures included}
}

@article{Miransky:2007go,
author = {Miransky, V A},
title = {{Dynamics with Vector Condensates at Finite Density in QCD and Beyond}},
journal = {arXiv},
year = {2007},
volume = {hep-ph},
month = mar,
annote = {Published in: Prog.Theor.Phys.Suppl.168:405-413,2007

11 pages, based on talk given at Yukawa International Seminar (YKIS),
  2006, "New Frontiers in OCD", Kyoto, Japan; v.2: to match published version}
}

@article{Cherng:2008um,
author = {Cherng, R W and Demler, E},
title = {{Roton softening and supersolidity in Rb spinor condensates}},
journal = {arXiv},
year = {2008},
volume = {cond-mat.other},
month = jun,
annote = {8 pages, 5 figures}
}

@article{Nogueira:2005bg,
author = {Nogueira, Flavio S and Kleinert, Hagen},
title = {{Thermally induced rotons in two-dimensional dilute Bose gases}},
journal = {arXiv},
year = {2005},
volume = {cond-mat.other},
month = mar,
annote = {Published in: Phys. Rev. B 73, 104515 (2006)

21 pages; 2 figures; v4: version accepted for publication in PRB; in
  this version Section IV is considerably extended}
}

@article{Roberts:1993vl,
author = {Roberts, John E},
title = {{Goldstone's theorem revisited}},
journal = {Untitled},
year = {1993},
volume = {16},
pages = {31--39}
}

@article{Liu:2008tw,
author = {Liu, R H and Chen, H and Wang, X F and Xie, Y L and Yin, J J and Yan, Y J and J Li, Q and Shi, B C and Chu, W S and Y Wu, Z and Chen, X H},
title = {{Isotope Effect in the High-{\$}T{\_}c{\$} Pnictide Superconductors  {\$}SmFeAsO{\_}{1-x}F{\_}x{\$} and {\$}Ba{\_}{1-x}K{\_}xFe{\_}2As{\_}2{\$}}},
journal = {arXiv},
year = {2008},
volume = {cond-mat.supr-con},
month = oct,
annote = {5 pages, 3 figure}
}

@article{Byers:1994vr,
author = {Byers, Nina},
title = {{The Life and Times of Emmy Noether; contributions of E. Noether to  particle physics}},
journal = {arXiv},
year = {1994},
volume = {hep-th},
month = nov,
annote = {Replacement file has typographical and bibliographic corrections}
}

@article{Noether:2005ux,
author = {Noether, Emmy and Tavel, M A},
title = {{Invariant Variation Problems}},
journal = {arXiv},
year = {2005},
volume = {physics.hist-ph},
month = mar,
annote = {M. A. Tavel's English translation of Noether's Theorems (1918),
  reproduced by Frank Y. Wang}
}

@article{RHook:1991ud,
author = {R Hook, John and Edgar Hall, Henry},
title = {{Solid State Physics}},
journal = {Book},
year = {1991},
month = jan
}

@article{Yang:1954vs,
author = {Yang, C and Mills, R},
title = {{Conservation of Isotopic Spin and Isotopic Gauge Invariance}},
journal = {Physical Review},
year = {1954},
month = jan
}

@article{Svetlichny:1999tq,
author = {Svetlichny, George},
title = {{Preparation for Gauge Theory}},
journal = {arXiv},
year = {1999},
volume = {math-ph},
month = feb,
annote = {LaTeX. 97 pages. Uses macro package "diagrams.tex". Some minor errors
  and typos corrected}
}

@article{Jackson:2002bj,
author = {Jackson, J D},
title = {{From Lorenz to Coulomb and other explicit gauge transformations}},
journal = {arXiv},
year = {2002},
volume = {physics.class-ph},
month = apr,
annote = {Published in: Am.J.Phys.70:917-928,2002

pdf file, 30 pages, v-gauge references added, submitted for
  publication}
}

@article{Donnerlly:rotons,
author = {Donnerlly, Russell},
title = {{Rotons : a low-temperature puzzle}},
journal = {Physics World},
year = {1997},
pages = {25},
month = feb
}

@article{Feynman:1957jm,
author = {Feynman, R P},
title = {{Superfluidity and Superconductivity}},
journal = {Reviews of Modern Physics},
year = {1957},
volume = {29},
number = {2},
pages = {205--212},
month = apr
}

@article{Cooper:1956el,
author = {Cooper, Leon N},
title = {{Bound Electron Pairs in a Degenerate Fermi Gas}},
journal = {Physical Review},
year = {1956},
volume = {104},
number = {4},
pages = {1189--1190},
month = nov
}

@article{Bardeen:1957ep,
author = {Bardeen, J and Cooper, L N and Schrieffer, J R},
title = {{Microscopic Theory of Superconductivity}},
journal = {Physical Review},
year = {1957},
volume = {106},
number = {1},
pages = {162--164},
month = apr
}

@article{Bardeen:1957hw,
author = {Bardeen, J and Cooper, L N and Schrieffer, J R},
title = {{Theory of Superconductivity}},
journal = {Physical Review},
year = {1957},
volume = {108},
number = {5},
pages = {1175--1204},
month = dec
}

@article{Sciences:KHbxGRje,
author = {Sciences, TRS Academy of},
title = {{Scientific Bacground on the nobel prize in phyiscs 2008 Broken Symmetries}}
}

@article{Dalfovo:1996uh,
author = {Dalfovo, F and Fracchetti, A and Lastri, A and Pitaevskii, L and Stringari, S},
title = {{Quantum Evaporation from the Free Surface of Superfluid 4He}},
journal = {arXiv},
year = {1996},
volume = {cond-mat},
month = mar,
annote = {Published in: J. Low Temp. Phys. 104 (1996) 367

Uuencoded file including: REVTEX (35 pages) and 7 figures, also
  available at http://anubis.science.unitn.it/~dalfovo/papers/papers.html}
}

@article{Mangano:4Ll0fmRO,
author = {Mangano, Micelangelo},
title = {{``Stato e prospettive della Fisica delle Particelle'' (Status and prospects of Particle Physics)}}
}

@article{Donnerlly:rotons,
author = {Donnerlly, Russell},
title = {{Rotons : a low-temperature puzzle}},
journal = {Physics World},
year = {1997},
pages = {25},
month = feb
}

@article{Geim:2007ue,
author = {Geim, A K and Novoselov, K S},
title = {{The rise of graphene}},
journal = {arXiv},
year = {2007},
volume = {cond-mat.mtrl-sci},
month = feb,
annote = {Published in: Nature Materials 6, 183-191 (2007)

progress review}
}

@article{Charlot:2007wp,
author = {Charlot, C},
title = {{Electron/Photon identification in ATLAS and CMS}},
journal = {arXiv.org},
year = {2007},
volume = {physics.data-an},
month = sep,
annote = {Talk given at the Hadron Collider Physic Symposium 2006 (HCP2006),
  Durham, NC on behalf of ATLAS and CMS collaborations}
}

@article{Mitsou:2003vn,
author = {Mitsou, V A and collaboration, for the ATLAS TRT},
title = {{The ATLAS Transition Radiation Tracker}},
journal = {arXiv},
year = {2003},
volume = {hep-ex},
month = nov,
annote = {5 pages LaTeX, 8 figures, presented at the 8th ICATPP conference on
  Astroparticle, Particle, Space Physics, Detectors and Medical Physics
  Applications, Como, Italy, 6-10 October 2003, proceedings to be published by
  World Scientific}
}

@article{Kim:2008uf,
author = {Kim, H J},
title = {{Electron and Photon Identification Performance in ATLAS}},
journal = {arXiv},
year = {2008},
volume = {hep-ex},
month = oct,
annote = {Poster write-up at ICHEP08, Philadelphia, USA, July 2008. 4 pages,
  LaTeX, 7 eps figures, 2 rtx files, 1 sty file and 1 cls file}
}

@article{Sacco:2005if,
author = {Sacco, Roberto and Group, for the ATLAS Electromagnetic Liquid Argon Calorimeter},
title = {{Position resolution and particle identification with the ATLAS EM  calorimeter}},
journal = {arXiv},
year = {2005},
volume = {physics.ins-det},
month = may,
annote = {Published in: Nucl.Instrum.Meth.A550:96-115,2005

32 pages, 22 figures, to be published in NIM A}
}

@article{BergerHrynova:2008ta,
author = {Berger-Hryn'ova, T and ATLAS, for the and collaborations, CMS},
title = {{Commissioning of Particle ID at ATLAS and CMS with Early LHC Data}},
journal = {arXiv.org},
year = {2008},
volume = {hep-ex},
month = aug,
annote = {Invited talk at the Hadron Collider Physics Symposium (HCP2008),
  Galena, Illinois, USA, May 27-31, 2008; 9 pages, 13 postscript figues}
}

@article{Cowan:aW-S7Sdc,
author = {Cowan, Brian},
title = {{section1}},
year = {2005},
pages = {41},
month = jan
}

@article{Cowan:G9UYu9Zq,
author = {Cowan, Brian},
title = {{section2}},
year = {2005},
pages = {49},
month = jan
}

@article{Cowan:hnLVRO6G,
author = {Cowan, Brian},
title = {{section5}},
year = {2005},
pages = {36},
month = jan
}

@article{Cowan:gh7onsEI,
author = {Cowan, Brian},
title = {{section4}},
year = {2005},
pages = {78},
month = jan
}

@article{Cowan:DSvoBkWT,
author = {Cowan, Brian},
title = {{section3}},
year = {2005},
pages = {17},
month = jan
}

@article{Cullen:us,
author = {Cullen, Schuyler and Perelstein, Maxim},
title = {{SN 1987A Constraints on Large Compact Dimensions}}
}

@article{Rimoldi:ws,
author = {Rimoldi, A and ADellAcqua},
title = {{The full detector simulation for the ATLAS experiment:  
status and outlook 
}},
journal = {Computing in High Energy and Nuclear Physics, 24-28 March 2003, La Jolla, California}
}

@article{Randall:1999eq,
author = {Randall, Lisa and Sundrum, Raman},
title = {{Large Mass Hierarchy from a Small Extra Dimension}},
journal = {Physical Review Letters},
year = {1999},
volume = {83},
number = {17},
pages = {3370--3373},
month = oct
}

@article{ATL-PHYS-INT-2008-020,
author = {Mangeard, PS and Hubaut, F and Pralavorio, P},
title = {{{Early \HepProcess{ \PZP \to \Pelectron \Ppositron } discovery potential with ATLAS electromagnetic calorimeter}}},
journal = {ATLAS Internal}
}

@article{Perkins:2005vg,
author = {Perkins, Donald},
title = {{Particle Astrophysics}},
journal = {Oxford Master Series In Particle Phyics, Astrophysics and Cosmology},
year = {2005}
}

@article{Grupen:8YfPZPu2,
author = {Grupen, Claus},
title = {{Astroparticle Physics}},
journal = {Springer}
}

@article{Release:cMLw7zPT,
author = {Release, CERN Press},
title = {{CERN management confirms new LHC restart schedule}}
}

@article{Schumm:2005em,
author = {Schumm, T and Schumm, T and Hofferberth, S and Hofferberth, S and Andersson, L M and Andersson, L M and Wildermuth, S and Wildermuth, S and Groth, S and Groth, S and Bar-Joseph, I and Bar-Joseph, I and Schmiedmayer, J and Schmiedmayer, J and Kr Uuml Ger, P and Kr Uuml Ger, P},
title = {{Matter-wave interferometry in a double well on an atom chip}},
journal = {Nature Physics},
year = {2005},
volume = {1},
number = {1},
pages = {57},
month = sep
}

@article{Uekusa:2009tm,
author = {Uekusa, Nobuhiro},
title = {{Simple mass relations for bulk fermions}},
journal = {arXiv},
year = {2009},
volume = {hep-ph},
month = jan,
annote = {10 pages}
}

@article{Koide:2007kp,
author = {Koide, Yoshio},
title = {{Charged Lepton Mass Formula - Development and Prospect -}},
journal = {arXiv},
year = {2007},
volume = {hep-ph},
month = jan,
annote = {Published in: Int.J.Mod.Phys.E16:1417-1426,2007

Latex, 11 pages, no figure, Talk at Internationa Workshop on Neutrino
  Masses and Mixing, at Shizuoka, Japan, December, 17-19, 2006}
}

@article{rootcernch:wz,
author = {rootcernch},
title = {{Root Manual}},
journal = {root.cern.ch}
}

@article{Collaboration:2002bt,
author = {Collaboration, KamLAND},
title = {{First Results from KamLAND: Evidence for Reactor Anti-Neutrino Disappearance}},
journal = {arXiv},
year = {2002},
volume = {hep-ex},
month = jan
}

@article{Fukuda:1998dv,
author = {Fukuda, Y and Hayakawa, T and Ichihara, E and Inoue, K and Ishihara, K and Ishino, H and Itow, Y and Kajita, T and Kameda, J and Kasuga, S and Kobayashi, K and Kobayashi, Y and Koshio, Y and Miura, M and Nakahata, M and Nakayama, S and Okada, A and Okumura, K and Sakurai, N and Shiozawa, M and Suzuki, Y and Takeuchi, Y and Totsuka, Y and Yamada, S and Earl, M and Habig, A and Kearns, E and Messier, M and Scholberg, K and Stone, J and Sulak, L and Walter, C and Goldhaber, M and Barszczxak, T and Casper, D and Gajewski, W and Halverson, P and Hsu, J and Kropp, W and Price, L and Reines, F and Smy, M and Sobel, H and Vagins, M and Ganezer, K and Keig, W and Ellsworth, R and Tasaka, S and Flanagan, J and Kibayashi, A and Learned, J and Matsuno, S and Stenger, V and Takemori, D and Ishii, T and Kanzaki, J and Kobayashi, T and Mine, S and Nakamura, K and Nishikawa, K and Oyama, Y and Sakai, A and Sakuda, M and Sasaki, O and Echigo, S and Kohama, M and Suzuki, A and Haines, T and Blaufuss, E and Kim, B and Sanford, R and Svoboda, R and Chen, M and Conner, Z and Goodman, J and Sullivan, G and Hill, J and Jung, C and Martens, K and Mauger, C and Mcgrew, C and Sharkey, E and Viren, B and Yanagisawa, C and Doki, W and Miyano, K and Okazawa, H and Saji, C and Takahata, M and Nagashima, Y and Takita, M and Yamaguchi, T and Yoshida, M and Kim, S and Etoh, M and Fujita, K and Hasegawa, A and Hasegawa, T and Hatakeyama, S and Iwamoto, T and Koga, M and Maruyama, T and Ogawa, H and Shirai, J and Suzuki, A and Tsushima, F and Koshiba, M and Nemoto, M and Nishijima, K and Futagami, T and Hayato, Y and Kanaya, Y and Kaneyuki, K and Watanabe, Y and Kielczewska, D and Doyle, R and George, J and Stachyra, A and Wai, L and Wilkes, R and Young, K},
title = {{Evidence for Oscillation of Atmospheric Neutrinos}},
journal = {Physical Review Letters},
year = {1998},
volume = {81},
number = {8},
pages = {1562--1567},
month = aug
}

@article{Heister:2003ts,
author = {Heister, A and Bouhova-Thacker, EV and Finch, AJ and Hughes, G and Jones, RWL and Smizanska, M and Clarke, DP and Ellis, G and Abdallah, J and Sopczak, A},
title = {{Search for the Standard Model Higgs boson at LEP.}},
journal = {Physics Letters B},
year = {2003},
volume = {565},
pages = {61--75}
}

@article{Abbiendi:2003ch,
author = {Abbiendi, G},
title = {{Search for the Standard Model Higgs Boson at LEP}},
journal = {arXiv},
year = {2003},
volume = {hep-ex},
month = jan,
annote = {Published in: Phys.Lett.B565:61-75,2003

22 pages, 10 figures}
}

@article{Peterson:1983dp,
author = {Peterson, C and Schlatter, D and Schmitt, I and Zerwas, P},
title = {{Scaling violations in inclusive e+e- annihilation spectra}},
journal = {Physical Review D},
year = {1983},
volume = {27},
number = {1},
pages = {105--111},
month = jan
}

@article{LBoas:2006un,
author = {L Boas, Mary},
title = {{Mathematical methods in the physical sciences‎}},
year = {2006},
pages = {839},
month = jan
}

@article{Abazov:2008ko,
author = {Abazov, V and Abbott, B and Abolins, M and Acharya, B and Adams, M and Adams, T and Aguilo, E and Ahn, S and Ahsan, M and Alexeev, G and Alkhazov, G and Alton, A and Alverson, G and Alves, G and Anastasoaie, M and Ancu, L and Andeen, T and Anderson, S and Andrieu, B and Anzelc, M and Aoki, M and Arnoud, Y and Arov, M and Arthaud, M and Askew, A and {\AA}sman, B and Assis Jesus, A and Atramentov, O and Avila, C and Badaud, F and Baden, A and Bagby, L and Baldin, B and Bandurin, D and Banerjee, P and Banerjee, S and Barberis, E and Barfuss, A-F and Bargassa, P and Baringer, P and Barreto, J and Bartlett, J and Bassler, U and Bauer, D and Beale, S and Bean, A and Begalli, M and Begel, M and Belanger-Champagne, C and Bellantoni, L and Bellavance, A and Benitez, J and Beri, S and Bernardi, G and Bernhard, R and Bertram, I and Besan{\c c}on, M and Beuselinck, R and Bezzubov, V and Bhat, P and Bhatnagar, V and Biscarat, C and Blazey, G and Blekman, F and Blessing, S and Bloch, D and Bloom, K and Boehnlein, A and Boline, D and Bolton, T and Boos, E and Borissov, G and Bose, T and Brandt, A and Brock, R and Brooijmans, G and Bross, A and Brown, D and Buchanan, N and Buchholz, D and Buehler, M and Buescher, V and Bunichev, V and Burdin, S and Burke, S and Burnett, T and Buszello, C and Butler, J and Calfayan, P and Calvet, S and Cammin, J and Carvalho, W and Casey, B and Castilla-Valdez, H and Chakrabarti, S and Chakraborty, D and Chan, K and Chan, K and Chandra, A and Charles, F and Cheu, E and Chevallier, F and Cho, D and Choi, S and Choudhary, B and Christofek, L and Christoudias, T and Cihangir, S and Claes, D and Clutter, J and Cooke, M and Cooper, W and Corcoran, M and Couderc, F and Cousinou, M-C and Cr{\'e}p{\'e}-Renaudin, S and Cutts, D and {\'C}wiok, M and Da Motta, H and Das, A and Davies, G and De, K and de Jong, S and de La Cruz-Burelo, E and de Oliveira Martins, C and Degenhardt, J and D{\'e}liot, F and Demarteau, M and Demina, R and Denisov, D and Denisov, S and Desai, S and Diehl, H and Diesburg, M and Dominguez, A and Dong, H and Dudko, L and Duflot, L and Dugad, S and Duggan, D and Duperrin, A and Dyer, J and Dyshkant, A and Eads, M and Edmunds, D and Ellison, J and Elvira, V and Enari, Y and Eno, S and Ermolov, P and Evans, H and Evdokimov, A and Evdokimov, V and Ferapontov, A and Ferbel, T and Fiedler, F and Filthaut, F and Fisher, W and Fisk, H and Fortner, M and Fox, H and Fu, S and Fuess, S and Gadfort, T and Galea, C and Gallas, E and Garcia, C and Garcia-Bellido, A and Gavrilov, V and Gay, P and Geist, W and Gel{\'e}, D and Gerber, C and Gershtein, Y and Gillberg, D and Ginther, G and Gollub, N and G{\'o}mez, B and Goussiou, A and Grannis, P and Greenlee, H and Greenwood, Z and Gregores, E and Grenier, G and Gris, Ph and Grivaz, J-F and Grohsjean, A and Gr{\"u}nendahl, S and Gr{\"u}newald, M and Guo, F and Guo, J and Gutierrez, G and Gutierrez, P and Haas, A and Hadley, N and Haefner, P and Hagopian, S and Haley, J and Hall, I and Hall, R and Han, L and Harder, K and Harel, A and Hauptman, J and Hauser, R and Hays, J and Hebbeker, T and Hedin, D and Hegeman, J and Heinson, A and Heintz, U and Hensel, C and Herner, K and Hesketh, G and Hildreth, M and Hirosky, R and Hobbs, J and Hoeneisen, B and Hoeth, H and Hohlfeld, M and Hong, S and Hossain, S and Houben, P and Hu, Y and Hubacek, Z and Hynek, V and Iashvili, I and Illingworth, R and Ito, A and Jabeen, S and Jaffr{\'e}, M and Jain, S and Jakobs, K and Jarvis, C and Jesik, R and Johns, K and Johnson, C and Johnson, M and Jonckheere, A and Jonsson, P and Juste, A and Kajfasz, E and Kalk, J and Karmanov, D and Kasper, P and Katsanos, I and Kau, D and Kaushik, V and Kehoe, R and Kermiche, S and Khalatyan, N and Khanov, A and Kharchilava, A and Kharzheev, Y and Khatidze, D and Kim, T and Kirby, M and Kirsch, M and Klima, B and Kohli, J and Konrath, J-P and Kozelov, A and Kraus, J and Krop, D and Kuhl, T and Kumar, A and Kupco, A and Kur{\v c}a, T and Kuzmin, V and Kvita, J and Lacroix, F and Lam, D and Lammers, S and Landsberg, G and Lebrun, P and Lee, W and Leflat, A and Lellouch, J and Leveque, J and Li, J and Li, L and Li, Q and Lietti, S and Lima, J and Lincoln, D and Linnemann, J and Lipaev, V and Lipton, R and Liu, Y and Liu, Z and Lobodenko, A and Lokajicek, M and Love, P and Lubatti, H and Luna, R and Lyon, A and Maciel, A and Mackin, D and Madaras, R and M{\"a}ttig, P and Magass, C and Magerkurth, A and Mal, P and Malbouisson, H and Malik, S and Malyshev, V and Mao, H and Maravin, Y and Martin, B and Mccarthy, R and Melnitchouk, A and Mendoza, L and Mercadante, P and Merkin, M and Merritt, K and Meyer, A and Meyer, J and Millet, T and Mitrevski, J and Mommsen, R and Mondal, N and Moore, R and...},
title = {{Search for Neutral Higgs Bosons in Multi-b-Jet Events in pp¯ Collisions at s=1.96  TeV}},
journal = {Physical Review Letters},
year = {2008},
volume = {101},
number = {22},
pages = {221802},
month = nov
}

@article{Collaboration:2009dc,
author = {Collaboration, D0 and Abazov, V},
title = {{Search for charged Higgs bosons in top quark decays}},
journal = {arXiv},
year = {2009},
volume = {hep-ex},
month = jan,
annote = {Published in: Phys.Lett.B682:278-286,2009

10 pages, 8 figures, submitted to PLB}
}

@article{Haxton:2000vx,
author = {Haxton, W C},
title = {{Neutrino Oscillations and the Solar Neutrino Problem}},
journal = {arXiv},
year = {2000},
volume = {nucl-th},
month = jan,
annote = {Reference corrected in this replacement}
}

@article{Wang:2000vz,
author = {Wang, Yi-Fang},
title = {{A Water \v{C}erenkov Calorimeter as the Next Generation Neutrino  Detector}},
journal = {arXiv},
year = {2000},
volume = {hep-ex},
month = jan,
annote = {8 pages, 6 figures, talk at "New Initiatives in Lepton Flavor
  Violation and Neutrino Oscillations with Very Intense Muon and Neutrino
  Sources", Oct. 2-6, 2000, Hawaii, USA}
}

@article{AguilarArevalo:2008kg,
author = {Aguilar-Arevalo, A and Bazarko, A and Brice, S and Brown, B and Bugel, L and Cao, J and Coney, L and Conrad, J and Cox, D and Curioni, A and Djurcic, Z and Finley, D and Fleming, B and Ford, R and Garcia, F and Garvey, G and Green, C and Green, J and Hart, T and Hawker, E and Imlay, R and Johnson, R and Kasper, P and Katori, T and Kobilarcik, T and Kourbanis, I and Koutsoliotas, S and Laird, E and Link, J and Liu, Y and Liu, Y and Louis, W and Mahn, K and Marsh, W and Martin, P and Mcgregor, G and Metcalf, W and Meyers, P and Mills, F and Mills, G and Monroe, J and Moore, C and Nelson, R and Nienaber, P and Ouedraogo, S and Patterson, R and Perevalov, D and Polly, C and Prebys, E and Raaf, J and Ray, H and Roe, B and Russell, A and Sandberg, V and Schirato, R and Schmitz, D and Shaevitz, M and Shoemaker, F and Smith, D and Sorel, M and Spentzouris, P and Stancu, I and Stefanski, R and Sung, M and Tanaka, H and Tayloe, R and Tzanov, M and van de Water, R and Wascko, M and White, D and Wilking, M and Yang, H and Zeller, G and Zimmerman, E},
title = {{Measurement of Muon Neutrino Quasielastic Scattering on Carbon}},
journal = {Physical Review Letters},
year = {2008},
volume = {100},
number = {3},
pages = {032301},
month = jan
}

@article{Messier:2006vx,
author = {Messier, M},
title = {{Review of Neutrino Oscllations Experiments}},
journal = {Arxiv preprint hep-ex},
year = {2006},
month = jan
}

@article{Kato:2007vh,
author = {Kato, I},
title = {{The K2K and T2K experiments}},
journal = {Nuclear Physics B (Proceedings Supplements)},
year = {2007},
month = jan
}

@article{GonzalezGarcia:2003wd,
author = {Gonzalez-Garcia, M and Nir, Y},
title = {{Neutrino masses and mixing: Evidence and implications}},
journal = {Reviews of Modern Physics},
year = {2003},
month = jan
}

@article{Yasuda:2000tn,
author = {Yasuda, O},
title = {{Neutrino oscillations in high energy cosmic neutrino flux}},
journal = {Arxiv preprint hep-ph},
year = {2000},
month = jan
}

@article{Randall:2008dk,
author = {Randall, Lisa and Tucker-Smith, David},
title = {{Dijet Searches for Supersymmetry at the LHC}},
journal = {arXiv},
year = {2008},
volume = {hep-ph},
month = jan,
annote = {Published in: Phys.Rev.Lett.101:221803,2008}
}

@article{Ellis:2007fq,
author = {Ellis, John},
title = {{Beyond the Standard Model at the LHC and Beyond}},
journal = {arXiv},
year = {2007},
volume = {hep-ph},
month = jan,
annote = {Published in: AIP Conf.Proc.957:38-49,2007

12 pages, 8 figures, Contribution to the Proceedings of the 13th
  International Symposium on Particles, Strings and Cosmology, PASCOS-07}
}

@article{Ellis:2002to,
author = {Ellis, John},
title = {{Supersymmetry for Alp Hikers}},
journal = {arXiv},
year = {2002},
volume = {hep-ph},
month = jan,
annote = {45 pages, 19 figures, Lectures at the European School of High-Energy
  Physics, Beatenberg, Switzerland, 26 Aug - 8 Sept 2001}
}

@article{Ellis:1995uj,
author = {Ellis, John},
title = {{Supersymmetry and Grand Unification}},
journal = {arXiv},
year = {1995},
volume = {hep-ph},
month = jan,
annote = {35 pages, latex, 14 figures (not included, but obtainable from
  johne@cernvm.cern.ch, thank you)}
}

@article{Chatrchyan:1337288,
author = {Chatrchyan, Serguei and Khachatryan, Vardan and Sirunyan, Albert M and Tumasyan, Armen and Adam, Wolfgang and Bergauer, Thomas and Dragicevic, Marko and Er{\"o}, Janos and Fabjan, Christian and Friedl, Markus and Fruehwirth, Rudolf and Ghete, Vasile Mihai and Hammer, Josef and Haensel, Stephan and Hoch, Michael and H{\"o}rmann, Natascha and Hrubec, Josef and Jeitler, Manfred and Kasieczka, Gregor and Kiesenhofer, Wolfgang and Krammer, Manfred and Liko, Dietrich and Mikulec, Ivan and Pernicka, Manfred and Rohringer, Herbert and Sch{\"o}fbeck, Robert and Strauss, Josef and Teischinger, Florian and Wagner, Philipp and Waltenberger, Wolfgang and Walzel, Gerhard and Widl, Edmund and Wulz, Claudia-Elisabeth and Mossolov, Vladimir and Shumeiko, Nikolai and Suarez Gonzalez, Juan and Benucci, Leonardo and de Wolf, Eddi A and Janssen, Xavier and Maes, Thomas and Mucibello, Luca and Ochesanu, Silvia and Roland, Benoit and Rougny, Romain and Selvaggi, Michele and van Haevermaet, Hans and van Mechelen, Pierre and van Remortel, Nick and Blekman, Freya and Blyweert, Stijn and D'Hondt, Jorgen and Devroede, Olivier and Gonzalez Suarez, Rebeca and Kalogeropoulos, Alexis and Maes, Joris and Maes, Michael and van Doninck, Walter and van Mulders, Petra and van Onsem, Gerrit Patrick and Villella, Ilaria and Charaf, Otman and Clerbaux, Barbara and de Lentdecker, Gilles and Dero, Vincent and Gay, Arnaud and Hammad, Gregory Habib and Hreus, Tomas and Marage, Pierre Edouard and Thomas, Laurent and vander Velde, Catherine and Vanlaer, Pascal and Adler, Volker and Cimmino, Anna and Costantini, Silvia and Grunewald, Martin and Klein, Benjamin and Lellouch, J{\'e}r{\'e}mie and Marinov, Andrey and Mccartin, Joseph and Ryckbosch, Dirk and Thyssen, Filip and Tytgat, Michael and Vanelderen, Lukas and Verwilligen, Piet and Walsh, Sinead and Zaganidis, Nicolas and Basegmez, Suzan and Bruno, Giacomo and Caudron, Julien and Ceard, Ludivine and Cortina Gil, Eduardo and de Favereau De Jeneret, Jerome and Delaere, Christophe and Favart, Denis and Giammanco, Andrea and Gr{\'e}goire, Ghislain and Hollar, Jonathan and Lemaitre, Vincent and Liao, Junhui and Militaru, Otilia and Ovyn, Severine and Pagano, Davide and Pin, Arnaud and Piotrzkowski, Krzysztof and Schul, Nicolas and Beliy, Nikita and Caebergs, Thierry and Daubie, Evelyne and Alves, Gilvan and de Jesus Damiao, Dilson and Pol, Maria Elena and Souza, Moacyr Henrique Gomes E and Carvalho, Wagner and Da Costa, Eliza Melo and de Oliveira Martins, Carley and Fonseca De Souza, Sandro and Mundim, Luiz and Nogima, Helio and Oguri, Vitor and Prado Da Silva, Wanda Lucia and Santoro, Alberto and Silva Do Amaral, Sheila Mara and Sznajder, Andre and Torres Da Silva De Araujo, Felipe and de Almeida Dias, Flavia and Tomei, Thiago and de Moraes Gregores, Eduardo and Lagana, Caio and Da Cunha Marinho, Franciole and Mercadante, Pedro G and Novaes, Sergio F and Padula, Sandra and Darmenov, Nikolay and Dimitrov, Lubomir and Genchev, Vladimir and Iaydjiev, Plamen and Piperov, Stefan and Rodozov, Mircho and Stoykova, Stefka and Sultanov, Georgi and Tcholakov, Vanio and Trayanov, Rumen and Vankov, Ivan and Dimitrov, Anton and Hadjiiska, Roumyana and Karadzhinova, Aneliya and Kozhuharov, Venelin and Litov, Leander and Mateev, Matey and Pavlov, Borislav and Petkov, Peicho and Bian, Jian-Guo and Chen, Guo-Ming and Chen, He-Sheng and Jiang, Chun-Hua and Liang, Dong and Liang, Song and Meng, Xiangwei and Tao, Junquan and Wang, Jian and Wang, Jian and Wang, Xianyou and Wang, Zheng and Xiao, Hong and Xu, Ming and Zang, Jingjing and Zhang, Zhen and Ban, Yong and Guo, Shuang and Guo, Yifei and Li, Wenbo and Mao, Yajun and Qian, Si-Jin and Teng, Haiyun and Zhang, Linlin and Zhu, Bo and Zou, Wei and Cabrera, Andr{\'e}s and Gomez Moreno, Bernardo and Ocampo Rios, Alberto Andres and Osorio Oliveros, Andres Felipe and Sanabria, Juan Carlos and Godinovic, Nikola and Lelas, Damir and Lelas, Karlo and Plestina, Roko and Polic, Dunja and Puljak, Ivica and Antunovic, Zeljko and Dzelalija, Mile and Brigljevic, Vuko and Duric, Senka and Kadija, Kreso and Morovic, Srecko and Attikis, Alexandros and Galanti, Mario and Mousa, Jehad and Nicolaou, Charalambos and Ptochos, Fotios and Razis, Panos A and Finger, Miroslav and Finger Jr, Michael and Assran, Yasser and Awad, Adel and Khalil, Shaaban and Hektor, Andi and Kadastik, Mario and M{\"u}ntel, Mait and Raidal, Martti and Rebane, Liis and Azzolini, Virginia and Eerola, Paula and Fedi, Giacomo and Czellar, Sandor and H{\"a}rk{\"o}nen, Jaakko and Heikkinen, Mika Aatos and Karim{\"a}ki, Veikko and Kinnunen, Ritva and Kortelainen, Matti J and Lamp{\'e}n, Tapio and Lassila-Perini, Kati and Lehti, Sami and Lind{\'e}n, Tomas and Luukka, Panja-Riina an...},
title = {{Search for Large Extra Dimensions in the Diphoton Final State at the Large Hadron Collider. }},
year = {2011},
month = mar
}

@book{Acosta:922757,
author = {Acosta, D and della Negra, Michel and Fo{\`a}, L and Herv{\'e}, A and Petrilli, Achille},
title = {{CMS physics: Technical Design Report}},
year = {2006},
address = {Geneva},
annote = {There is an error on cover due to a technical problem for some items}
}

@article{Smith:2000vt,
author = {Smith, WH and Busson, Ph and Dasu, S and Hauser, J and Heath, G and Krolikowski, J and Varela, J and Taurok, A and Wrochna, G and Zotto, P},
title = {{CMS Phyiscs Technical Design Report: The Trigger System}},
year = {2000},
volume = {1},
pages = {1--630},
month = dec,
annote = {Page 43(PDF) good picture of total LHC Cross section and Trigger outputs}
}

@article{Collaboration:2009ti,
author = {Collaboration, The CDMS and Ahmed, Z},
title = {{Results from the Final Exposure of the CDMS II Experiment}},
journal = {arXiv},
year = {2009},
volume = {astro-ph.CO},
month = jan,
annote = {6 pages, 5 figures}
}

@article{TeixeiraDias:2008jz,
author = {Teixeira-Dias, P},
title = {{Higgs boson searches at LEP}},
journal = {arXiv},
year = {2008},
volume = {hep-ex},
month = jan,
annote = {Published in: J.Phys.Conf.Ser.110:042030,2008

3 pages, 2 figures; submitted for proceedings of EPS HEP2007
  Conference (19-25 July; Manchester, UK)}
}

@article{Abbiendi:2003ts,
author = {Abbiendi, G},
title = {{Search for the Standard Model Higgs boson at LEP}},
journal = {Arxiv preprint hep-ex/0306033},
year = {2003}
}

@article{Buescher:2005ud,
author = {Buescher, V and Culbertson, R and Conway, J and Gershtein, Y and Grivaz, J-F and Heinemann, B and Kim, D H and Kim, M S and Lammel, S and Landsberg, G and Lee, S W and Mrenna, S and Toback, D and Wang, S M},
title = {{Combination of CDF and D0 Limits on a Gauge Mediated SUSY Model Using  Diphoton and Missing Transverse Energy Channel}},
journal = {arXiv},
year = {2005},
volume = {hep-ex},
month = jan,
annote = {5 pages, 1 figure}
}

@article{Amsler:vu,
author = {Amsler, C},
title = {{Particle Physics Booklet 2008}},
journal = {repositories.cdlib.org}
}

@article{Nesbet:2007vj,
author = {Nesbet, R K},
title = {{Neutrino and scalar boson mass in algebraic quantum field theory}},
year = {2007},
volume = {hep-th},
month = nov
}

@article{Ginzburg:2001vv,
author = {Ginzburg, Ilya F and Krawczyk, Maria and Osland, Per},
title = {{Potential of Photon Collider in resolving SM-like scenarios}},
journal = {arXiv},
year = {2001},
volume = {hep-ph},
month = jan
}

@article{Osland:1999ui,
author = {Osland, P},
title = {{Higgs boson production in e^+e^- and e^-e^- collisions}},
journal = {arXiv},
year = {1999},
volume = {hep-ph},
month = mar
}

@article{Kong:uh,
author = {Kong, Otto C W},
title = {{Higgs sector contributions to \Delta a{\_}\mu and the constraints on two-Higgs-doublet-model with and without SUSY}},
journal = {arXiv},
volume = {hep-ph}
}

@article{Aaltonen:2010ew,
author = {Aaltonen, T and Adelman, J and {\'A}lvarez Gonz{\'a}lez, B and Amerio, S and Amidei, D and Anastassov, A and Annovi, A and Antos, J and Apollinari, G and Apresyan, A and Arisawa, T and Artikov, A and Asaadi, J and Ashmanskas, W and Attal, A and Aurisano, A and Azfar, F and Badgett, W and Barbaro-Galtieri, A and Barnes, V E and Barnett, B A and Barria, P and Bartos, P and Bauer, G and Beauchemin, P-H and Bedeschi, F and Beecher, D and Behari, S and Bellettini, G and Bellinger, J and Benjamin, D and Beretvas, A and Bhatti, A and Binkley, M and Bisello, D and Bizjak, I and Blair, R E and Blocker, C and Blumenfeld, B and Bocci, A and Bodek, A and Boisvert, V and Bortoletto, D and Boudreau, J and Boveia, A and Brau, B and Bridgeman, A and Brigliadori, L and Bromberg, C and Brubaker, E and Budagov, J and Budd, H S and Budd, S and Burkett, K and Busetto, G and Bussey, P and Buzatu, A and Byrum, K L and Cabrera, S and Calancha, C and Camarda, S and Campanelli, M and Campbell, M and Canelli, F and Canepa, A and Carls, B and Carlsmith, D and Carosi, R and Carrillo, S and Carron, S and Casal, B and Casarsa, M and Castro, A and Catastini, P and Cauz, D and Cavaliere, V and Cavalli-Sforza, M and Cerri, A and Cerrito, L and Chang, S H and Chen, Y C and Chertok, M and Chiarelli, G and Chlachidze, G and Chlebana, F and Cho, K and Chokheli, D and Chou, J P and Choudalakis, G and Chung, K and Chung, W H and Chung, Y S and Chwalek, T and Ciobanu, C I and Ciocci, M A and Clark, A and Clark, D and Compostella, G and Convery, M E and Conway, J and Corbo, M and Cordelli, M and Cox, C A and Cox, D J and Crescioli, F and Cuenca Almenar, C and Cuevas, J and Culbertson, R and Cully, J C and Dagenhart, D and Datta, M and Davies, T and de Barbaro, P and de Cecco, S and Deisher, A and de Lorenzo, G and Dell orso, M and Deluca, C and Demortier, L and Deng, J and Deninno, M and D errico, M and Di Canto, A and Di Giovanni, G P and Di Ruzza, B and Dittmann, J R and D onofrio, M and Donati, S and Dong, P and Dorigo, T and Dube, S and Ebina, K and Elagin, A and Erbacher, R and Errede, D and Errede, S and Ershaidat, N and Eusebi, R and Fang, H C and Farrington, S and Fedorko, W T and Feild, R G and Feindt, M and Fernandez, J P and Ferrazza, C and Field, R and Flanagan, G and Forrest, R and Frank, M J and Franklin, M and Freeman, J C and Furic, I and Gallinaro, M and Galyardt, J and Garberson, F and Garcia, J E and Garfinkel, A F and Garosi, P and Genser, K and Gerberich, H and Gerdes, D and Gessler, A and Giagu, S and Giakoumopoulou, V and Giannetti, P and Gibson, K and Gimmell, J L and Ginsburg, C M and Giokaris, N and Giordani, M and Giromini, P and Giunta, M and Giurgiu, G and Glagolev, V and Glenzinski, D and Gold, M and Goldschmidt, N and Golossanov, A and Gomez, G and Gomez-Ceballos, G and Goncharov, M and Gonz{\'a}lez, O and Gorelov, I and Goshaw, A T and Goulianos, K and Gresele, A and Grinstein, S and Grosso-Pilcher, C and Group, R C and Grundler, U and Guimaraes Da Costa, J and Gunay-Unalan, Z and Haber, C and Hahn, K and Hahn, S R and Halkiadakis, E and Han, B-Y and Han, J Y and Happacher, F and Hara, K and Hare, D and Hare, M and Harr, R F and Hartz, M and Hatakeyama, K and Hays, C and Heck, M and Heinrich, J and Henderson, C and Herndon, M and Heuser, J and Hewamanage, S and Hidas, D and Hill, C S and Hirschbuehl, D and Hocker, A and Hou, S and Houlden, M and Hsu, S-C and Huffman, B T and Hughes, R E and Hurwitz, M and Husemann, U and Hussein, M and Huston, J and Incandela, J and Introzzi, G and Iori, M and Ivanov, A and James, E and Jang, D and Jayatilaka, B and Jeon, E J and Jha, M K and Jindariani, S and Johnson, W and Jones, M and Joo, K K and Jun, S Y and Jung, J E and Junk, T R and Kamon, T and Kar, D and Karchin, P E and Kato, Y and Kephart, R and Ketchum, W and Keung, J and Khotilovich, V and Kilminster, B and Kim, D H and Kim, H S and Kim, H W and Kim, J E and Kim, M J and Kim, S B and Kim, S H and Kim, Y K and Kimura, N and Kirsch, L and Klimenko, S and Knuteson, B and Kondo, K and Kong, D J and Konigsberg, J and Korytov, A and Kotwal, A V and Kreps, M and Kroll, J and Krop, D and Krumnack, N and Kruse, M and Krutelyov, V and Kuhr, T and Kulkarni, N P and Kurata, M and Kwang, S and Laasanen, A T and Lami, S and Lammel, S and Lancaster, M and Lander, R L and Lannon, K and Lath, A and Latino, G and Lazzizzera, I and Lecompte, T and Lee, E and Lee, H S and Lee, J S and Lee, S W and Leone, S and Lewis, J D and Lin, C-J and Linacre, J and Lindgren, M and Lipeles, E and Lister, A and Litvintsev, D O and Liu, C and Liu, T and Lockyer, N S and Loginov, A and Lovas, L and Lucchesi, D and Lueck, J and Lujan, P and Lukens, P and Lungu, G and Lys, J and Lysak, R and Macqueen, D and Madra...},
title = {{Measurement of the top quark mass in the dilepton channel using {\$}m{\_}{T2}{\$} at CDF}},
journal = {Physical Review D},
year = {2010},
volume = {81},
number = {3},
pages = {031102},
month = feb
}

@article{Joshipura:2010hp,
author = {Joshipura, Anjan S and Kodrani, Bhavik P},
title = {{Higgs-induced flavor-changing neutral current as a source of new physics in b→s transitions}},
journal = {Physical Review D},
year = {2010},
volume = {81},
number = {3},
pages = {035013},
month = feb
}

@article{Aaltonen:2010bk,
author = {Aaltonen, T and Adelman, J and {\'A}lvarez Gonz{\'a}lez, B and Amerio, S and Amidei, D and Anastassov, A and Annovi, A and Antos, J and Apollinari, G and Apresyan, A and Arisawa, T and Artikov, A and Asaadi, J and Ashmanskas, W and Attal, A and Aurisano, A and Azfar, F and Badgett, W and Barbaro-Galtieri, A and Barnes, V E and Barnett, B A and Barria, P and Bartos, P and Bauer, G and Beauchemin, P-H and Bedeschi, F and Beecher, D and Behari, S and Bellettini, G and Bellinger, J and Benjamin, D and Beretvas, A and Bhatti, A and Binkley, M and Bisello, D and Bizjak, I and Blair, R E and Blocker, C and Blumenfeld, B and Bocci, A and Bodek, A and Boisvert, V and Bortoletto, D and Boudreau, J and Boveia, A and Brau, B and Bridgeman, A and Brigliadori, L and Bromberg, C and Brubaker, E and Budagov, J and Budd, H S and Budd, S and Burkett, K and Busetto, G and Bussey, P and Buzatu, A and Byrum, K L and Cabrera, S and Calancha, C and Camarda, S and Campanelli, M and Campbell, M and Canelli, F and Canepa, A and Carls, B and Carlsmith, D and Carosi, R and Carrillo, S and Carron, S and Casal, B and Casarsa, M and Castro, A and Catastini, P and Cauz, D and Cavaliere, V and Cavalli-Sforza, M and Cerri, A and Cerrito, L and Chang, S H and Chen, Y C and Chertok, M and Chiarelli, G and Chlachidze, G and Chlebana, F and Cho, K and Chokheli, D and Chou, J P and Choudalakis, G and Chung, K and Chung, W H and Chung, Y S and Chwalek, T and Ciobanu, C I and Ciocci, M A and Clark, A and Clark, D and Compostella, G and Convery, M E and Conway, J and Corbo, M and Cordelli, M and Cox, C A and Cox, D J and Crescioli, F and Cuenca Almenar, C and Cuevas, J and Culbertson, R and Cully, J C and Dagenhart, D and Datta, M and Davies, T and de Barbaro, P and de Cecco, S and Deisher, A and de Lorenzo, G and Dell orso, M and Deluca, C and Demortier, L and Deng, J and Deninno, M and D errico, M and Di Canto, A and Di Giovanni, G P and Di Ruzza, B and Dittmann, J R and D onofrio, M and Donati, S and Dong, P and Dorigo, T and Dube, S and Ebina, K and Elagin, A and Erbacher, R and Errede, D and Errede, S and Ershaidat, N and Eusebi, R and Fang, H C and Farrington, S and Fedorko, W T and Feild, R G and Feindt, M and Fernandez, J P and Ferrazza, C and Field, R and Flanagan, G and Forrest, R and Frank, M J and Franklin, M and Freeman, J C and Furic, I and Gallinaro, M and Galyardt, J and Garberson, F and Garcia, J E and Garfinkel, A F and Garosi, P and Genser, K and Gerberich, H and Gerdes, D and Gessler, A and Giagu, S and Giakoumopoulou, V and Giannetti, P and Gibson, K and Gimmell, J L and Ginsburg, C M and Giokaris, N and Giordani, M and Giromini, P and Giunta, M and Giurgiu, G and Glagolev, V and Glenzinski, D and Gold, M and Goldschmidt, N and Golossanov, A and Gomez, G and Gomez-Ceballos, G and Goncharov, M and Gonz{\'a}lez, O and Gorelov, I and Goshaw, A T and Goulianos, K and Gresele, A and Grinstein, S and Grosso-Pilcher, C and Group, R C and Grundler, U and Guimaraes Da Costa, J and Gunay-Unalan, Z and Haber, C and Hahn, K and Hahn, S R and Halkiadakis, E and Han, B-Y and Han, J Y and Happacher, F and Hara, K and Hare, D and Hare, M and Harr, R F and Hartz, M and Hatakeyama, K and Hays, C and Heck, M and Heinrich, J and Henderson, C and Herndon, M and Heuser, J and Hewamanage, S and Hidas, D and Hill, C S and Hirschbuehl, D and Hocker, A and Hou, S and Houlden, M and Hsu, S-C and Huffman, B T and Hughes, R E and Hurwitz, M and Husemann, U and Hussein, M and Huston, J and Incandela, J and Introzzi, G and Iori, M and Ivanov, A and James, E and Jang, D and Jayatilaka, B and Jeon, E J and Jha, M K and Jindariani, S and Johnson, W and Jones, M and Joo, K K and Jun, S Y and Jung, J E and Junk, T R and Kamon, T and Kar, D and Karchin, P E and Kato, Y and Kephart, R and Ketchum, W and Keung, J and Khotilovich, V and Kilminster, B and Kim, D H and Kim, H S and Kim, H W and Kim, J E and Kim, M J and Kim, S B and Kim, S H and Kim, Y K and Kimura, N and Kirsch, L and Klimenko, S and Knuteson, B and Kondo, K and Kong, D J and Konigsberg, J and Korytov, A and Kotwal, A V and Kreps, M and Kroll, J and Krop, D and Krumnack, N and Kruse, M and Krutelyov, V and Kuhr, T and Kulkarni, N P and Kurata, M and Kwang, S and Laasanen, A T and Lami, S and Lammel, S and Lancaster, M and Lander, R L and Lannon, K and Lath, A and Latino, G and Lazzizzera, I and Lecompte, T and Lee, E and Lee, H S and Lee, J S and Lee, S W and Leone, S and Lewis, J D and Lin, C-J and Linacre, J and Lindgren, M and Lipeles, E and Lister, A and Litvintsev, D O and Liu, C and Liu, T and Lockyer, N S and Loginov, A and Lovas, L and Lucchesi, D and Lueck, J and Lujan, P and Lukens, P and Lungu, G and Lys, J and Lysak, R and Macqueen, D and Madra...},
title = {{Search for Higgs Boson Production in Dilepton and Missing Energy Final States with 5.4  fb{\$}^{-1}{\$} of p\bar{p} Collisions at sqrt[s]=1.96  TeV}},
journal = {Physical Review Letters},
year = {2010},
volume = {104},
number = {6},
pages = {061804},
month = feb
}

@article{Barr:2009uv,
author = {Barr, Alan J and Gwenlan, Claire},
title = {{The race for supersymmetry: using mT2 for discovery}},
journal = {arXiv},
year = {2009},
volume = {hep-ph},
month = jan,
annote = {8 pages}
}

@article{CMS-AN2009/056,
author = {Flaecher, Henning and Stoye, Markus and Rommerskirchen, Tanja and Yetkin, Taylan and Whyntie, Tom and Bainbridge, Rob and Marrouche, Jad},
title = {{Search for SUSY with exclusive n-jet events}},
journal = {CMS Analysis Note},
year = {2009},
volume = {AN -2009/056},
month = jun
}

@article{CMS-AN2008/114,
author = {Whyntie, T and Buchmueller, Oliver and Flaecher, Henning and Jones, J and Rommerskirchen, T and Stoye, M and Tapper, A},
title = {{Extending the early SUSY search with all-hadronic dijet events to n-jet topologies.}},
journal = {CMS Analysis Note},
year = {2008},
volume = {AN -2008/114},
month = dec
}

@article{Tata:1994uv,
author = {Tata, Xerxes},
title = {{Searching for Supersymmetry: A Minireview}},
journal = {arXiv},
year = {1994},
volume = {hep-ph},
month = jan,
annote = {8 pages, UH-511-794-94}
}

@article{Tata:1995tn,
author = {Tata, Xerxes},
title = {{Supersymmetry Phenomenology: A Microreview}},
journal = {arXiv},
year = {1995},
volume = {hep-ph},
month = jan,
annote = {7 pages LaTeX file, no figures. Needs sprocl.sty which can be
  obtained from the server. Talk presented at 1995 EPS Conference, Brussels,
  Belgium. A postscript file of the paper can be obtained via anonymous ftp at
  ftp://hep.fsu.edu/preprints/tata/brussels.ps}
}

@article{Baer:2009ti,
author = {Baer, Howard},
title = {{SUSY dark matter and the LHC}},
journal = {arXiv},
year = {2009},
volume = {hep-ph},
month = jan,
annote = {Invited talk given at 5th Patras workshop on axions, WIMPs and WISPs,
  Durham, England, July 13-17, 2009}
}

@article{Anonymous:xvM8Qxq3,
title = {{0002232}}
}

@article{CMS-AN2008/071,
author = {Flaecher, Henning and Jones, John and Rommerskirchen, Tanja and Sinclair, Benjamin and Stoye, Markus},
title = {{CMS-AN 2008/071}},
journal = {CMS Analysis Note},
year = {2008},
month = oct
}

@article{Aad:1335111,
author = {Aad, Georges and Abbott, Brad and Abdallah, Jalal and Abdelalim, Ahmed Ali and Abdesselam, Abdelouahab and Abdinov, Ovsat and Abi, Babak and Abolins, Maris and Abramowicz, Halina and Abreu, Henso and Acerbi, Emilio and Acharya, Bobby Samir and Adams, David and Addy, Tetteh and Adelman, Jahred and Aderholz, Michael and Adomeit, Stefanie and Adragna, Paolo and Adye, Tim and Aefsky, Scott and Aguilar-Saavedra, Juan Antonio and Aharrouche, Mohamed and Ahlen, Steven and Ahles, Florian and Ahmad, Ashfaq and Ahsan, Mahsana and Aielli, Giulio and Akdogan, Taylan and {\AA}kesson, Torsten Paul Ake and Akimoto, Ginga and Akimov, Andrei and Alam, Mohammad and Alam, Muhammad Aftab and Albrand, Solveig and Aleksa, Martin and Aleksandrov, Igor and Aleppo, Mario and Alessandria, Franco and Alexa, Calin and Alexander, Gideon and Alexandre, Gauthier and Alexopoulos, Theodoros and Alhroob, Muhammad and Aliev, Malik and Alimonti, Gianluca and Alison, John and Aliyev, Magsud and Allport, Phillip and Allwood-Spiers, Sarah and Almond, John and Aloisio, Alberto and Alon, Raz and Alonso, Alejandro and Alviggi, Mariagrazia and Amako, Katsuya and Amaral, Pedro and Amelung, Christoph and Ammosov, Vladimir and Amorim, Antonio and Amor{\'o}s, Gabriel and Amram, Nir and Anastopoulos, Christos and Andeen, Timothy and Anders, Christoph Falk and Anderson, Kelby and Andreazza, Attilio and Andrei, George Victor and Andrieux, Marie-Laure and Anduaga, Xabier and Angerami, Aaron and Anghinolfi, Francis and Anjos, Nuno and Annovi, Alberto and Antonaki, Ariadni and Antonelli, Mario and Antonelli, Stefano and Antos, Jaroslav and Anulli, Fabio and Aoun, Sahar and Aperio Bella, Ludovica and Apolle, Rudi and Arabidze, Giorgi and Aracena, Ignacio and Arai, Yasuo and Arce, Ayana and Archambault, John-Paul and Arfaoui, Samir and Arguin, Jean-Francois and Arik, Engin and Arik, Metin and Armbruster, Aaron James and Arnaez, Olivier and Arnault, Christian and Artamonov, Andrei and Artoni, Giacomo and Arutinov, David and Asai, Shoji and Asfandiyarov, Ruslan and Ask, Stefan and {\AA}sman, Barbro and Asquith, Lily and Assamagan, Ketevi and Astbury, Alan and Astvatsatourov, Anatoli and Atoian, Grigor and Aubert, Bernard and Auerbach, Benjamin and Auge, Etienne and Augsten, Kamil and Aurousseau, Mathieu and Austin, Nicholas and Avramidou, Rachel Maria and Axen, David and Ay, Cano and Azuelos, Georges and Azuma, Yuya and Baak, Max and Baccaglioni, Giuseppe and Bacci, Cesare and Bach, Andre and Bachacou, Henri and Bachas, Konstantinos and Bachy, Gerard and Backes, Moritz and Backhaus, Malte and Badescu, Elisabeta and Bagnaia, Paolo and Bahinipati, Seema and Bai, Yu and Bailey, David and Bain, Travis and Baines, John and Baker, Oliver Keith and Baker, Mark and Baker, Sarah and Baltasar Dos Santos Pedrosa, Fernando and Banas, Elzbieta and Banerjee, Piyali and Banerjee, Swagato and Banfi, Danilo and Bangert, Andrea Michelle and Bansal, Vikas and Bansil, Hardeep Singh and Barak, Liron and Baranov, Sergei and Barashkou, Andrei and Barbaro Galtieri, Angela and Barber, Tom and Barberio, Elisabetta Luigia and Barberis, Dario and Barbero, Marlon and Bardin, Dmitri and Barillari, Teresa and Barisonzi, Marcello and Barklow, Timothy and Barlow, Nick and Barnett, Bruce and Barnett, Michael and Baroncelli, Antonio and Barr, Alan and Barreiro, Fernando and Barreiro Guimar{\~a}es da Costa, Jo{\~a}o and Barrillon, Pierre and Bartoldus, Rainer and Barton, Adam Edward and Bartsch, Detlef and Bates, Richard and Batkova, Lucia and Batley, Richard and Battaglia, Andreas and Battistin, Michele and Battistoni, Giuseppe and Bauer, Florian and Bawa, Harinder Singh and Beare, Brian and Beau, Tristan and Beauchemin, Pierre-Hugues and Beccherle, Roberto and Bechtle, Philip and Beck, Hans Peter and Beckingham, Matthew and Becks, Karl-Heinz and Beddall, Andrew and Beddall, Ayda and Bednyakov, Vadim and Bee, Christopher and Begel, Michael and Behar Harpaz, Silvia and Behera, Prafulla and Beimforde, Michael and Belanger-Champagne, Camille and Bell, Paul and Bell, William and Bella, Gideon and Bellagamba, Lorenzo and Bellina, Francesco and Bellomo, Giovanni and Bellomo, Massimiliano and Belloni, Alberto and Beloborodova, Olga and Belotskiy, Konstantin and Beltramello, Olga and Ben Ami, Sagi and Benary, Odette and Benchekroun, Driss and Benchouk, Chafik and Bendel, Markus and Benedict, Brian Hugues and Benekos, Nektarios and Benhammou, Yan and Benjamin, Douglas and Benoit, Mathieu and Bensinger, James and Benslama, Kamal and Bentvelsen, Stan and Berge, David and Bergeaas Kuutmann, Elin and Berger, Nicolas and Berghaus, Frank and Berglund, Elina and Beringer, J{\"u}rg and Bernardet, Karim and Bernat, Pauline and Bernhard, Ralf and Bernius, Catrin and Berr...},
title = {{Search for Stable Hadronising Squarks and Gluinos at the ATLAS Experiment at the LHC. }},
journal = {arXiv.org},
year = {2011},
month = mar,
annote = {Comments: 9 pages, submitted to Phys. Lett. B}
}

@article{Cheng:2008ev,
author = {Cheng, Hsin-Chia and Han, Zhenyu},
title = {{Minimal Kinematic Constraints and MT2}},
journal = {arXiv},
year = {2008},
volume = {hep-ph},
month = jan,
annote = {Published in: JHEP 0812:063,2008

Version to appear in JHEP}
}

@article{Anonymous:mtlN-iE8,
title = {{1003.3124v1}}
}

@article{Anonymous:IXmQd-k8,
title = {{e095010}}
}

@article{Salam:2009tu,
author = {Salam, Gavin P},
title = {{Towards Jetography}},
journal = {arXiv},
year = {2009},
volume = {hep-ph},
month = jun,
annote = {95 pages, 28 figures, an extended version of lectures given at the
  CTEQ/MCNET school, Debrecen, Hungary, August 2008; v2 includes additional
  discussion in several places, as well as other clarifications and additional
  references.}
}

@article{Anonymous:0IHlzY8m,
title = {{e241802}}
}

@article{Anonymous:vFiO_EEy,
title = {{e241801}}
}

@article{Bruning:2004vt,
author = {Br{\"u}ning, OS and Collier, P and Lebrun, P and Myers, S and Ostojic, R and Poole, J and Proudlock, P and CERN Geneva},
title = {{LHC design report}},
year = {2004}
}

@article{SMyersCern20102011,
author = {Myers, Steve},
title = {{Outcome from Chamonix}}
}

@article{Anonymous:3WWpJXDD,
title = {{S0920563203904889}}
}

@article{Alessandro:2006ht,
author = {Alessandro, B and Antinori, F and Belikov, J and Blume, C},
title = {{ALICE: Physics performance report, volume II}},
journal = {Journal of Physics G: Nuclear and Particle Phyiscs},
year = {2006},
month = jan
}

@article{Anonymous:LQoYSPFw,
title = {{IOP Publishing - IOPscience}}
}

@article{Rademacker:2005tx,
author = {Rademacker, J},
title = {{LHCb: Status and Physics Prospects}},
journal = {Arxiv preprint hep-ex},
year = {2005},
month = jan
}

@article{The:2001tz,
author = {The and Atlas and Collaboration},
title = {{Technical Design Report}},
journal = {CERN/LHCC},
year = {2001},
month = jan
}

@article{Wulz:vf,
author = {Wulz, C},
title = {{The CMS experiment at CERN}},
journal = {cdsweb.cern.ch}
}

@article{Ganis:2001tm,
author = {Ganis, Gerardo},
title = {{Dark Matter and SUSY: LEP results}},
journal = {arXiv},
year = {2001},
volume = {hep-ex},
month = feb,
annote = {12 pages, 8 figures, to appear in the proceedings of Vulcano Workshop
  2000: Frontier Objects In Astrophysics And Particle Physics, 22-27 May 2000,
  Vulcano, Italy}
}

@article{Ellis:2003tn,
author = {Ellis, J and Olive, K and Santoso, Y and Spanos, V},
title = {{Phenomenological constraints on patterns of supersymmetry breaking}},
journal = {Arxiv preprint hep-ph},
year = {2003},
month = jan
}

@article{Tajmar:2004jt,
author = {Tajmar, M},
title = {{Finite-Element Simulation of Casimir Forces in Arbitrary Geometries}},
journal = {arXiv},
year = {2004},
volume = {quant-ph},
month = may,
annote = {Published in: Int.J.Mod.Phys. C15 (2004) 1387-1396}
}

@article{Battaglia:2004va,
author = {Battaglia, M and de Roeck, A and Ellis, J and Gianotti, F},
title = {{Updated post-WMAP benchmarks for supersymmetry}},
journal = {{\ldots} Physical Journal C},
year = {2004},
month = jan
}

@article{Bainbridge:ws,
author = {Bainbridge, R and BBetchart and HFl{\"a}cher and ELaird and BMathias and TRommerskirchen and MStoye},
title = {{Performance of variables used in jets + missing energy searches in 7 TeV data}},
journal = {CMS AN},
number = {AN-10-119}
}

@article{Cacciari:2008ua,
author = {Cacciari, M and Salam, G and Soyez, G},
title = {{The anti-kt jet clustering algorithm}},
journal = {Journal of High Energy {\ldots}},
year = {2008},
month = jan
}

@article{Harel:wm,
author = {Harel, Amnon and Schieferdecker, Philipp},
title = {{Calorimeter Jet Quality Criteria for the First CMS Collision Data}},
journal = {CMS Analysis Note},
volume = {JME-09-008}
}

@article{Chlebana:ui,
author = {Chlebana, F and Vodopiyanov, I and Gavrilov, V and Ferencek, D and Santanastasio, F and Temple, J},
title = {{Optimization and Performance of HF PMT Hit Cleaning Algorithms Developed Using pp Collision Data at √s = 0.9, 2.36 and 7 TeV}},
journal = {CMS Analysis Note},
volume = {DN -2010/008}
}

@article{Aprile:2009vc,
author = {Aprile, Elena and Baudis, Laura and Collaboration, for the XENON100},
title = {{Status and Sensitivity Projections for the XENON100 Dark Matter  Experiment}},
journal = {arXiv},
year = {2009},
volume = {astro-ph.IM},
month = feb,
annote = {Published in: PoS idm2008:018,2008

10 pages, 9 figures. To appear in the proceedings of the
  Identification of Dark Matter conference (IDM 2008), Stockholm, Sweden, 18-22
  August, 2008}
}

@article{Collaboration:2010wc,
author = {Collaboration, The CMS},
title = {{CMS MET Performance in Minimum-Bias and Jet Events from Proton-Proton Collisions at √s = 7 TeV}},
journal = {CMS Physics Analysis Summary},
year = {2010},
volume = {JME-10-004},
pages = {1--34},
month = jul
}

@article{Halzen:2008tg,
author = {Halzen, Francis and D Martin, Alan},
title = {{QUARK {\&} LEPTONS: AN INTRODUCTORY COURSE IN MODERN PARTICLE PHYSICS‎}},
year = {2008},
pages = {416},
month = jan
}

@article{Martin:1997um,
author = {Martin, Stephen P},
title = {{A Supersymmetry Primer}},
journal = {arXiv},
year = {1997},
volume = {hep-ph},
month = sep,
annote = {128 pages. Version 5 (December 2008) contains a change in convention
  that flips the signs of sigma and sigmabar matrices. It also contains a total
  of about 2 pages of updates, mostly on supersymmetry breaking issues. Errata
  and a version with larger type (12 pt, 142 pages) can be found at
  http://zippy.physics.niu.edu/primer.html}
}

@article{Weinberg:1976vc,
author = {Weinberg, S},
title = {{Implications of dynamical symmetry breaking}},
journal = {Physical Review D},
year = {1976},
month = jan
}

@article{Weinberg:1980tr,
author = {Weinberg, S},
title = {{Conceptual foundations of the unified theory of weak and electromagnetic interactions}},
journal = {Reviews of Modern Physics},
year = {1980},
month = jan
}

@article{Seiberg:1998tk,
author = {Seiberg, Nathan},
title = {{The Superworld}},
journal = {arXiv},
year = {1998},
volume = {hep-th},
month = feb,
annote = {Based on talks given at various conferences and will appear in
  various proceedings. 13 pages, 5 figures}
}

@article{Gunion:1997ix,
author = {Gunion, J F},
title = {{A Simplified Summary of Supersymmetry}},
journal = {arXiv},
year = {1997},
volume = {hep-ph},
month = apr,
annote = {24 pages, to appear in ``Future High Energy Colliders'', proceedings
  of the ITP Symposium, U.C. Santa Barbara, October 21-25, 1996, AIP Press.
  Also presented at the Aspen Winter Conference on High Energy Physics, January
  1997, Aspen, CO. Full postscript file, is available via anonymous ftp at
  ftp://ucdhep.ucdavis.edu/gunion/itp96.ps}
}

@article{Sjostrand:2008uc,
author = {Sj{\"o}strand, T and Mrenna, S and Skands, P},
title = {{A brief introduction to PYTHIA 8.1}},
journal = {Computer physics communications},
year = {2008},
month = jan
}

@article{Yetkin:2007wq,
author = {Yetkin, T},
title = {{CERN Document Server: Inclusive SUSY Searches using Missing Energy plus Multijets in pp collisions at {\$}\sqrt{s}{\$}=14 TeV with CMS}},
journal = {Acta Physica Polonica B},
year = {2007}
}

@article{Anonymous:9vjYpytr,
title = {{JME-10-004-pas.pdf}}
}

@article{CMS-PAS-JME-10-004,
title = {{Missing Transverse Energy Performance in Minimum-Bias and Jet Events from Proton-Proton Collisions at {\$}\sqrt{s} = 7 TeV{\$}}},
journal = {CMS PAS},
year = {2010}
}

@article{Dobur:2009vv,
author = {Dobur, Didar},
title = {{Jets and Missing Transverse Energy Reconstruction with CMS}},
journal = {arXiv},
year = {2009},
volume = {hep-ex},
month = apr,
annote = {6 pages}
}

@article{Remington:2009wv,
author = {Remington, Ronald},
title = {{CMS Detector Sensitivity for the Discovery of Supersymmetry with Two Same-sign Leptons, Jets and MET}},
journal = {arXiv.org},
year = {2009},
volume = {hep-ex},
month = nov,
annote = {4 pages, 4 tables, to appear in the proceedings of SUSY09, the 17th
  International Conference on Supersymmetry and the Unification of Fundamental
  Interactions}
}

@article{Tapper:2008tv,
author = {Tapper, A D},
title = {{Inclusive high Q2 cross sections and QCD and EW fits at HERA}},
journal = {arXiv},
year = {2008},
volume = {hep-ex},
month = sep,
annote = {Parallel talk at ICHEP08, Philadelphia, USA, July 2008. 4 pages,
  LaTeX, 5 eps figures}
}

@article{Foudas:2005kx,
author = {Foudas, C and Bainbridge, R and Ballard, D and Church, I and Corrin, E and Coughlan, J A and Day, C P and Freeman, E J and Fulcher, J and Gannon, W J F and Hall, G and Halsall, R N J and Iles, G and Jones, J and Leaver, J and Noy, M and Pearson, M and Raymond, M and Reid, I and Rogers, G and Salisbury, J and Taghavi, S and Tomalin, I R and Zorba, O},
title = {{The CMS Tracker Readout Front End Driver}},
journal = {arXiv},
year = {2005},
volume = {physics.ins-det},
month = oct,
annote = {Published in: IEEETrans.Nucl.Sci.52:2836-2840,2005}
}

@article{Buchmueller:2010vn,
author = {Buchmueller, O and Cavanaugh, R and Colling, D and de Roeck, A and Dolan, M J and Ellis, J R and Fl{\"a}cher, H and Heinemeyer, S and Olive, K A and Rogerson, S and Ronga, F J and Weiglein, G},
title = {{Frequentist Analysis of the Parameter Space of Minimal Supergravity}},
journal = {arXiv},
year = {2010},
volume = {hep-ph},
month = nov,
annote = {18 pages 27 figures}
}

@article{Collaboration:2011wb,
author = {Collaboration, CMS},
title = {{Search for Supersymmetry in pp Collisions at 7 TeV in Events with Jets  and Missing Transverse Energy}},
journal = {arXiv},
year = {2011},
volume = {hep-ex},
month = jan
}

@article{Nilles:1995tg,
author = {Nilles, H},
title = {{Phenomenological aspects of supersymmetry}},
journal = {Arxiv preprint hep-ph},
year = {1995},
month = jan
}

@article{Atlas:2011p7854,
author = {Collaboration, The ATLAS},
title = {{Search for supersymmetry using final states with one lepton, jets, and  missing transverse momentum with the ATLAS detector in sqrt{s} = 7 TeV pp}},
journal = {arXiv},
year = {2011},
volume = {hep-ex},
month = feb,
annote = {5 pages plus author list (19 pages total), 2 figures, 1 table,
  submitted to Phys. Rev. Lett}
}

@article{Buchmueller:2011tr,
author = {Buchmueller, O and Cavanaugh, R and Colling, D and de Roeck, A and Dolan, M J and Ellis, J R and Flacher, H and Heinemeyer, S and Isidori, G and Olive, K and Rogerson, S and Ronga, F and Weiglein, G},
title = {{Implications of Initial LHC Searches for Supersymmetry}},
journal = {arXiv},
year = {2011},
volume = {hep-ph},
month = feb,
annote = {17 pages, 7 figures}
}

@article{Wang:2011fm,
author = {Wang, Xiao-Ping and Wang, You-Kai and Xiao, Bo and Xu, Jia and Zhu, Shou-hua},
title = {{O(100  GeV) deci-weak W^{′}/Z^{′} at Tevatron and LHC}},
journal = {Physical Review D},
year = {2011},
volume = {83},
number = {11},
month = jun
}

@article{Gedalia:1300058,
author = {Gedalia, Oram and Jenkins, Alejandro and Perez, Gilad},
title = {{Why do we observe a weak force? The hierarchy problem in the multiverse}},
journal = {arXiv.org},
year = {2010},
volume = {hep-ph},
month = oct
}

@article{Virdee:1457849,
author = {Virdee, T S},
title = {{Physics requirements for the design of the ATLAS and CMS experiments at the Large Hadron Collider}},
journal = {Phil. Trans. R. Soc. A},
year = {2012},
volume = {370},
pages = {876--891}
}

@article{Anchordoqui:vi,
author = {Anchordoqui, Luis A.},
title = {{Searching for the layered structure of space at the LHC}},
journal = {Physical Review D},
volume = {83},
number = {11},
pages = {114046}
}

@article{Cumming:2007du,
author = {Cumming, Geof and Fidler, Fion and Vaux, David},
title = {{Error bars in experimental biology.}},
journal = {The Journal of cell biology},
year = {2007},
volume = {177},
number = {1},
pages = {5},
month = apr
}

@article{Collaboration:2010gf,
author = {Collaboration, KTe and Abouzaid and Arenton and Barker, A and Barrio and Bellantoni and Blucher and Bock, G and Bown and Cheu and Coleman and Corcoran, M and Cox and Erwin, A and Escobar, C and Glazov and Golossanov and Gomes, R and Gouffon and Graham and Hamm and Hsiung, Y and Jensen, D and Kessler and Kotera and LaDue and Ledovskoy and McBride, P and Monnier and Nguyen and Niclasen and Phillips I, D G and Prasad and Qi, X and Ramberg, E and Ray, R and Ronquest and Roodman and Santos and Shanahan and Shawhan, P and Slater and Smith and Solomey and Swallow, E and Taegar, S and Toale, P and Tschirhart and Wah, Y and Wang and White, H},
title = {{Precise Measurements of Direct CP Violation, CPT Symmetry, and Other Parameters in the Neutral Kaon System}},
journal = {arXiv.org},
year = {2010},
volume = {hep-ex},
month = oct
}

@article{Bechtle:2011be,
author = {Bechtle, Philip and Sarrazin, Bj{\"o}rn and Desch, Klaus and Dreiner, Herbi and Wienemann, Peter and Kr{\"a}mer, Michael and Robens, Carsten and O'Leary, Ben},
title = {{What if the LHC does not find supersymmetry in the sqrt[s]=7 TeV run?}},
journal = {Physical Review D},
year = {2011},
volume = {84},
number = {1},
month = jul
}

@article{Chatrchyan:1333965,
author = {Chatrchyan, Serguei and Khachatryan, Vardan and Sirunyan, Albert M and Tumasyan, Armen and Adam, Wolfgang and Bergauer, Thomas and Dragicevic, Marko and Er{\"o}, Janos and Fabjan, Christian and Friedl, Markus and Fruehwirth, Rudolf and Ghete, Vasile Mihai and Hammer, Josef and Haensel, Stephan and Hoch, Michael and H{\"o}rmann, Natascha and Hrubec, Josef and Jeitler, Manfred and Kasieczka, Gregor and Kiesenhofer, Wolfgang and Krammer, Manfred and Liko, Dietrich and Mikulec, Ivan and Pernicka, Manfred and Rohringer, Herbert and Sch{\"o}fbeck, Robert and Strauss, Josef and Teischinger, Florian and Wagner, Philipp and Waltenberger, Wolfgang and Walzel, Gerhard and Widl, Edmund and Wulz, Claudia-Elisabeth and Mossolov, Vladimir and Shumeiko, Nikolai and Suarez Gonzalez, Juan and Benucci, Leonardo and de Wolf, Eddi A and Janssen, Xavier and Maes, Thomas and Mucibello, Luca and Ochesanu, Silvia and Roland, Benoit and Rougny, Romain and Selvaggi, Michele and van Haevermaet, Hans and van Mechelen, Pierre and van Remortel, Nick and Blekman, Freya and Blyweert, Stijn and D'Hondt, Jorgen and Devroede, Olivier and Gonzalez Suarez, Rebeca and Kalogeropoulos, Alexis and Maes, Joris and Maes, Michael and van Doninck, Walter and van Mulders, Petra and van Onsem, Gerrit Patrick and Villella, Ilaria and Charaf, Otman and Clerbaux, Barbara and de Lentdecker, Gilles and Dero, Vincent and Gay, Arnaud and Hammad, Gregory Habib and Hreus, Tomas and Marage, Pierre Edouard and Thomas, Laurent and vander Velde, Catherine and Vanlaer, Pascal and Adler, Volker and Cimmino, Anna and Costantini, Silvia and Grunewald, Martin and Klein, Benjamin and Lellouch, J{\'e}r{\'e}mie and Marinov, Andrey and Mccartin, Joseph and Ryckbosch, Dirk and Thyssen, Filip and Tytgat, Michael and Vanelderen, Lukas and Verwilligen, Piet and Walsh, Sinead and Zaganidis, Nicolas and Basegmez, Suzan and Bruno, Giacomo and Caudron, Julien and Ceard, Ludivine and Cortina Gil, Eduardo and de Favereau De Jeneret, Jerome and Delaere, Christophe and Favart, Denis and Giammanco, Andrea and Gr{\'e}goire, Ghislain and Hollar, Jonathan and Lemaitre, Vincent and Liao, Junhui and Militaru, Otilia and Ovyn, Severine and Pagano, Davide and Pin, Arnaud and Piotrzkowski, Krzysztof and Schul, Nicolas and Beliy, Nikita and Caebergs, Thierry and Daubie, Evelyne and Alves, Gilvan and de Jesus Damiao, Dilson and Pol, Maria Elena and Henrique Gomes E Souza, Moacyr and Carvalho, Wagner and Da Costa, Eliza Melo and de Oliveira Martins, Carley and Fonseca De Souza, Sandro and Mundim, Luiz and Nogima, Helio and Oguri, Vitor and Prado Da Silva, Wanda Lucia and Santoro, Alberto and Silva Do Amaral, Sheila Mara and Sznajder, Andre and Torres Da Silva De Araujo, Felipe and de Almeida Dias, Flavia and Tomei, Thiago and de Moraes Gregores, Eduardo and Lagana, Caio and Da Cunha Marinho, Franciole and Mercadante, Pedro G and Novaes, Sergio F and Padula, Sandra and Darmenov, Nikolay and Dimitrov, Lubomir and Genchev, Vladimir and Iaydjiev, Plamen and Piperov, Stefan and Rodozov, Mircho and Stoykova, Stefka and Sultanov, Georgi and Tcholakov, Vanio and Trayanov, Rumen and Vankov, Ivan and Dimitrov, Anton and Hadjiiska, Roumyana and Karadzhinova, Aneliya and Kozhuharov, Venelin and Litov, Leander and Mateev, Matey and Pavlov, Borislav and Petkov, Peicho and Bian, Jian-Guo and Chen, Guo-Ming and Chen, He-Sheng and Jiang, Chun-Hua and Liang, Dong and Liang, Song and Meng, Xiangwei and Tao, Junquan and Wang, Jian and Wang, Jian and Wang, Xianyou and Wang, Zheng and Xiao, Hong and Xu, Ming and Zang, Jingjing and Zhang, Zhen and Ban, Yong and Guo, Shuang and Guo, Yifei and Li, Wenbo and Mao, Yajun and Qian, Si-Jin and Teng, Haiyun and Zhang, Linlin and Zhu, Bo and Zou, Wei and Cabrera, Andr{\'e}s and Gomez Moreno, Bernardo and Ocampo Rios, Alberto Andres and Osorio Oliveros, Andres Felipe and Sanabria, Juan Carlos and Godinovic, Nikola and Lelas, Damir and Lelas, Karlo and Plestina, Roko and Polic, Dunja and Puljak, Ivica and Antunovic, Zeljko and Dzelalija, Mile and Brigljevic, Vuko and Duric, Senka and Kadija, Kreso and Morovic, Srecko and Attikis, Alexandros and Galanti, Mario and Mousa, Jehad and Nicolaou, Charalambos and Ptochos, Fotios and Razis, Panos A and Finger, Miroslav and Finger Jr, Michael and Assran, Yasser and Khalil, Shaaban and Mahmoud, Mohammed and Hektor, Andi and Kadastik, Mario and M{\"u}ntel, Mait and Raidal, Martti and Rebane, Liis and Azzolini, Virginia and Eerola, Paula and Fedi, Giacomo and Czellar, Sandor and H{\"a}rk{\"o}nen, Jaakko and Heikkinen, Mika Aatos and Karim{\"a}ki, Veikko and Kinnunen, Ritva and Kortelainen, Matti J and Lamp{\'e}n, Tapio and Lassila-Perini, Kati and Lehti, Sami and Lind{\'e}n, Tomas and Luukka, Panja-R...},
title = {{Search for Supersymmetry in pp Collisions at {\$}\sqrts{\$} = 7 TeV in Events with Two Photons and Missing Transverse Energy. }},
year = {2011},
month = mar
}

@phdthesis{Marrouche:1333385,
author = {Marrouche, Jad and Foudas, C},
title = {{Triggering and W-Polarisation Studies with CMS at the LHC. }},
school = {London, Imperial College London},
year = {2010},
address = {London},
annote = {Presented 14 Dec 2010}
}

@article{Petsko:2007kg,
author = {Petsko, Gregory A and Petsko, Gregory A},
title = {{A day in the life of a genome biologist in the not-too-distant future}},
journal = {Genome Biology},
year = {2007},
volume = {8},
number = {3},
pages = {104},
annote = {Indeed not-to-distant future: 
"6:15 pm to 7 pm.packed up to go home. Waited 45 minutes for shuttle bus to parking lot. while waiting, checked latest news on iPhone."}
}

@article{Allanach:1329795,
author = {Allanach, B C},
title = {{Impact of CMS Multi-jets and Missing Energy Search on CMSSM Fits}},
journal = {arXiv},
year = {2011},
month = feb,
annote = {Comments: 14 pages, 6 figures}
}

@article{Eddy:2005cj,
author = {Eddy, Sean R},
title = {{``Antedisciplinary'' Science}},
journal = {PLoS Computational Biology},
year = {2005},
volume = {1},
number = {1},
pages = {e6}
}

@article{Walbot:2009ek,
author = {Walbot, Virginia},
title = {{Are we training pit bulls to review our manuscripts?}},
journal = {Journal of Biology},
year = {2009},
volume = {8},
number = {3},
pages = {24}
}

@article{Khachatryan:1320934,
author = {Khachatryan, Vardan and Sirunyan, Albert M and Tumasyan, Armen and Adam, Wolfgang and Bergauer, Thomas and Dragicevic, Marko and Er{\"o}, Janos and Fabjan, Christian and Friedl, Markus and Fruehwirth, Rudolf and Ghete, Vasile Mihai and Hammer, Josef and Haensel, Stephan and Hartl, Christian and Hoch, Michael and H{\"o}rmann, Natascha and Hrubec, Josef and Jeitler, Manfred and Kasieczka, Gregor and Kiesenhofer, Wolfgang and Krammer, Manfred and Liko, Dietrich and Mikulec, Ivan and Pernicka, Manfred and Rohringer, Herbert and Sch{\"o}fbeck, Robert and Strauss, Josef and Taurok, Anton and Teischinger, Florian and Wagner, Philipp and Waltenberger, Wolfgang and Walzel, Gerhard and Widl, Edmund and Wulz, Claudia-Elisabeth and Mossolov, Vladimir and Shumeiko, Nikolai and Suarez Gonzalez, Juan and Benucci, Leonardo and Cerny, Karel and de Wolf, Eddi A and Janssen, Xavier and Maes, Thomas and Mucibello, Luca and Ochesanu, Silvia and Roland, Benoit and Rougny, Romain and Selvaggi, Michele and van Haevermaet, Hans and van Mechelen, Pierre and van Remortel, Nick and Beauceron, Stephanie and Blekman, Freya and Blyweert, Stijn and D'Hondt, Jorgen and Devroede, Olivier and Gonzalez Suarez, Rebeca and Kalogeropoulos, Alexis and Maes, Joris and Maes, Michael and Tavernier, Stefaan and van Doninck, Walter and van Mulders, Petra and van Onsem, Gerrit Patrick and Villella, Ilaria and Charaf, Otman and Clerbaux, Barbara and de Lentdecker, Gilles and Dero, Vincent and Gay, Arnaud and Hammad, Gregory Habib and Hreus, Tomas and Marage, Pierre Edouard and Thomas, Laurent and vander Velde, Catherine and Vanlaer, Pascal and Wickens, John and Adler, Volker and Costantini, Silvia and Grunewald, Martin and Klein, Benjamin and Marinov, Andrey and Mccartin, Joseph and Ryckbosch, Dirk and Thyssen, Filip and Tytgat, Michael and Vanelderen, Lukas and Verwilligen, Piet and Walsh, Sinead and Zaganidis, Nicolas and Basegmez, Suzan and Bruno, Giacomo and Caudron, Julien and Ceard, Ludivine and de Favereau De Jeneret, Jerome and Delaere, Christophe and Demin, Pavel and Favart, Denis and Giammanco, Andrea and Gr{\'e}goire, Ghislain and Hollar, Jonathan and Lemaitre, Vincent and Liao, Junhui and Militaru, Otilia and Ovyn, Severine and Pagano, Davide and Pin, Arnaud and Piotrzkowski, Krzysztof and Schul, Nicolas and Beliy, Nikita and Caebergs, Thierry and Daubie, Evelyne and Alves, Gilvan and de Jesus Damiao, Dilson and Pol, Maria Elena and Henrique Gomes E Souza, Moacyr and Carvalho, Wagner and Da Costa, Eliza Melo and de Oliveira Martins, Carley and Fonseca De Souza, Sandro and Mundim, Luiz and Nogima, Helio and Oguri, Vitor and Prado Da Silva, Wanda Lucia and Santoro, Alberto and Silva Do Amaral, Sheila Mara and Sznajder, Andre and Torres Da Silva De Araujo, Felipe and de Almeida Dias, Flavia and Ferreira Dias, Marco Andre and Tomei, Thiago and de Moraes Gregores, Eduardo and Da Cunha Marinho, Franciole and Novaes, Sergio F and Padula, Sandra and Darmenov, Nikolay and Dimitrov, Lubomir and Genchev, Vladimir and Iaydjiev, Plamen and Piperov, Stefan and Rodozov, Mircho and Stoykova, Stefka and Sultanov, Georgi and Tcholakov, Vanio and Trayanov, Rumen and Vankov, Ivan and Dyulendarova, Milena and Hadjiiska, Roumyana and Kozhuharov, Venelin and Litov, Leander and Marinova, Evelina and Mateev, Matey and Pavlov, Borislav and Petkov, Peicho and Bian, Jian-Guo and Chen, Guo-Ming and Chen, He-Sheng and Jiang, Chun-Hua and Liang, Dong and Liang, Song and Wang, Jian and Wang, Jian and Wang, Xianyou and Wang, Zheng and Xu, Ming and Yang, Mingming and Zang, Jingjing and Zhang, Zhen and Ban, Yong and Guo, Shuang and Guo, Yifei and Li, Wenbo and Mao, Yajun and Qian, Si-Jin and Teng, Haiyun and Zhang, Linlin and Zhu, Bo and Zou, Wei and Cabrera, Andr{\'e}s and Gomez Moreno, Bernardo and Ocampo Rios, Alberto Andres and Osorio Oliveros, Andres Felipe and Sanabria, Juan Carlos and Godinovic, Nikola and Lelas, Damir and Lelas, Karlo and Plestina, Roko and Polic, Dunja and Puljak, Ivica and Antunovic, Zeljko and Dzelalija, Mile and Brigljevic, Vuko and Duric, Senka and Kadija, Kreso and Morovic, Srecko and Attikis, Alexandros and Galanti, Mario and Mousa, Jehad and Nicolaou, Charalambos and Ptochos, Fotios and Razis, Panos A and Rykaczewski, Hans and Finger, Miroslav and Finger Jr, Michael and Awad, Adel and Khalil, Shaaban and Hektor, Andi and Kadastik, Mario and Kannike, Kristjan and M{\"u}ntel, Mait and Raidal, Martti and Rebane, Liis and Azzolini, Virginia and Eerola, Paula and Czellar, Sandor and H{\"a}rk{\"o}nen, Jaakko and Heikkinen, Mika Aatos and Karim{\"a}ki, Veikko and Kinnunen, Ritva and Klem, Jukka and Kortelainen, Matti J and Lamp{\'e}n, Tapio and Lassila-Perini, Kati and Lehti, Sami and Lind{\'e}n, Tomas an...},
title = {{Search for Supersymmetry in pp Collisions at 7 TeV in Events with Jets and Missing Transverse Energy. }},
year = {2011},
month = jan
}

@article{Englert:2011cs,
author = {Englert, Christoph and Plehn, Tilman and Schichtel, Peter and Schumann, Steffen},
title = {{Autofocusing searches in jets plus missing energy}},
journal = {Physical Review D},
year = {2011},
volume = {83},
number = {9},
month = may
}

@article{Chatrchyan:2011hg,
author = {Chatrchyan, S and Khachatryan, V and Sirunyan, A and Tumasyan, A and Adam, W and Bergauer, T and Dragicevic, M and Er{\"o}, J and Fabjan, C and Friedl, M and Fr{\"u}hwirth, R and Ghete, V and Hammer, J and H{\"a}nsel, S and Hoch, M and H{\"o}rmann, N and Hrubec, J and Jeitler, M and Kiesenhofer, W and Krammer, M and Liko, D and Mikulec, I and Pernicka, M and Rahbaran, B and Rohringer, H and Sch{\"o}fbeck, R and Strauss, J and Taurok, A and Teischinger, F and Trauner, C and Wagner, P and Waltenberger, W and Walzel, G and Widl, E and Wulz, C E and Mossolov, V and Shumeiko, N and Suarez Gonzalez, J and Bansal, S and Benucci, L and De Wolf, E and Janssen, X and Luyckx, S and Maes, T and Mucibello, L and Ochesanu, S and Roland, B and Rougny, R and Selvaggi, M and Van Haevermaet, H and Van Mechelen, P and van Remortel, N and Blekman, F and Blyweert, S and D'Hondt, J and Gonzalez Suarez, R and Kalogeropoulos, A and Maes, M and Olbrechts, A and Van Doninck, W and Van Mulders, P and Van Onsem, G and Villella, I and Charaf, O and Clerbaux, B and De Lentdecker, G and Dero, V and Gay, A and Hammad, G and Hreus, T and Marage, P and Raval, A and Thomas, L and Vander Marcken, G and Vander Velde, C and Vanlaer, P and Adler, V and Cimmino, A and Costantini, S and Gr{\"u}newald, M and Klein, B and Lellouch, J and Marinov, A and Mccartin, J and Ryckbosch, D and Thyssen, F and Tytgat, M and Vanelderen, L and Verwilligen, P and Walsh, S and Zaganidis, N and Basegmez, S and Bruno, G and Caudron, J and Ceard, L and Cortina Gil, E and De Favereau De Jeneret, J and Delaere, C and Favart, D and Giammanco, A and Gr{\'e}goire, G and Hollar, J and Lemaitre, V and Liao, J and Militaru, O and Nuttens, C and Ovyn, S and Pagano, D and Pin, A and Piotrzkowski, K and Schul, N and Beliy, N and Caebergs, T and Daubie, E and Alves, G and Brito, L and De Jesus Damiao, D and Pol, M and Souza, M and Ald{\'a} J{\'u}nior, W and Carvalho, W and Da Costa, E and de Oliveira Martins, C and Fonseca De Souza, S and Matos Figueiredo, D and Mundim, L and Nogima, H and Oguri, V and Prado Da Silva, W and Santoro, A and Silva Do Amaral, S and Sznajder, A and Anjos, T and Bernardes, C and Dias, F and Fernandez Perez Tomei, T and Gregores, E and Lagana, C and Marinho, F and Mercadante, P and Novaes, S and Padula, Sandra and Darmenov, N and Genchev, V and Iaydjiev, P and Piperov, S and Rodozov, M and Stoykova, S and Sultanov, G and Tcholakov, V and Trayanov, R and Vutova, M and Dimitrov, A and Hadjiiska, R and Karadzhinova, A and Kozhuharov, V and Litov, L and Mateev, M and Pavlov, B and Petkov, P and Bian, J and Chen, G and Chen, H and Jiang, C and Liang, D and Liang, S and Meng, X and Tao, J and Wang, J and Wang, J and Wang, X and Wang, Z and Xiao, H and Xu, M and Zang, J and Zhang, Z and Ban, Y and Guo, S and Guo, Y and Li, W and Mao, Y and Qian, S and Teng, H and Zhu, B and Zou, W and Cabrera, A and Gomez Moreno, B and Ocampo Rios, A and Osorio Oliveros, A and Sanabria, J and Godinovic, N and Lelas, D and Lelas, K and Plestina, R and Polic, D and Puljak, I and Antunovic, Z and Dzelalija, M and Kovac, M and Brigljevic, V and Duric, S and Kadija, K and Luetic, J and Morovic, S and Attikis, A and Galanti, M and Mousa, J and Nicolaou, C and Ptochos, F and Razis, P and Finger, M and Finger, M and Assran, Y and Ellithi Kamel, A and Khalil, S and Mahmoud, M and Radi, A and Hektor, A and Kadastik, M and M{\"u}ntel, M and Raidal, M and Rebane, L and Tiko, A and Azzolini, V and Eerola, P and Fedi, G and Voutilainen, M and Czellar, S and H{\"a}rk{\"o}nen, J and Heikkinen, A and Karim{\"a}ki, V and Kinnunen, R and Kortelainen, M and Lamp{\'e}n, T and Lassila-Perini, K and Lehti, S and Lind{\'e}n, T and Luukka, P and M{\"a}enp{\"a}{\"a}, T and Tuominen, E and Tuominiemi, J and Tuovinen, E and Ungaro, D and Wendland, L and Banzuzi, K and Karjalainen, A and Korpela, A and Tuuva, T and Sillou, D and Besan{\c c}on, M and Choudhury, S and Dejardin, M and Denegri, D and Fabbro, B and Faure, J and Ferri, F and Ganjour, S and Givernaud, A and Gras, P and Hamel de Monchenault, G and Jarry, P and Locci, E and Malcles, J and Marionneau, M and Millischer, L and Rander, J and Rosowsky, A and Shreyber, I and Titov, M and Baffioni, S and Beaudette, F and Benhabib, L and Bianchini, L and Bluj, M and Broutin, C and Busson, P and Charlot, C and Dahms, T and Dobrzynski, L and Elgammal, S and Granier de Cassagnac, R and Haguenauer, M and Min{\'e}, P and Mironov, C and Ochando, C and Paganini, P and Sabes, D and Salerno, R and Sirois, Y and Thiebaux, C and Veelken, C and Zabi, A and Agram, J L and Andrea, J and Bloch, D and Bodin, D and Brom, J M and Cardaci, M and Chabert, E and Collard, C and Conte, E and Drouhin, F and Ferro, C and Fontaine, J...},
title = {{Search for Supersymmetry at the LHC in Events with Jets and Missing Transverse Energy}},
journal = {Physical Review Letters},
year = {2011},
volume = {107},
number = {22},
month = nov
}

@article{Ita:2012hu,
author = {Ita, H and Bern, Z and Dixon, L and Febres Cordero, F and Kosower, D and Ma{\^\i}tre, D},
title = {{Precise predictions for Z-boson +4 jet production at hadron colliders}},
journal = {Physical Review D},
year = {2012},
volume = {85},
number = {3},
month = feb
}

@article{:1336404,
title = {{Measurement of the Muon Charge Asymmetry from W Bosons Produced in pp Collisions at sqrt(s) = 7 TeV with the ATLAS detector}},
journal = {arXiv},
year = {2011},
month = mar,
annote = {Comments: 8 pages plus author list (23 pages total), 6 figure, 3 tables, submitted to Phys. Lett. B}
}

@techreport{CERN-PH-EP-2011-036,
title = {{Measurement of the Muon Charge Asymmetry from W Bosons Produced in pp Collisions at √s = 7 TeV with the ATLAS detector}},
year = {2011},
number = {CERN-PH-EP-2011-036},
address = {Geneva},
month = mar
}

@webpage{Anonymous:3iHXsm6J,
title = {{}},
url = {http://prd.aps.org/pdf/PRD/v83/i5/e055012}
}

@article{Chatrchyan:1336774,
author = {Chatrchyan, Serguei and Khachatryan, Vardan and Sirunyan, Albert M and Tumasyan, Armen and Adam, Wolfgang and Bergauer, Thomas and Dragicevic, Marko and Er{\"o}, Janos and Fabjan, Christian and Friedl, Markus and Fruehwirth, Rudolf and Ghete, Vasile Mihai and Hammer, Josef and Haensel, Stephan and Hoch, Michael and H{\"o}rmann, Natascha and Hrubec, Josef and Jeitler, Manfred and Kasieczka, Gregor and Kiesenhofer, Wolfgang and Krammer, Manfred and Liko, Dietrich and Mikulec, Ivan and Pernicka, Manfred and Rohringer, Herbert and Sch{\"o}fbeck, Robert and Strauss, Josef and Teischinger, Florian and Wagner, Philipp and Waltenberger, Wolfgang and Walzel, Gerhard and Widl, Edmund and Wulz, Claudia-Elisabeth and Mossolov, Vladimir and Shumeiko, Nikolai and Suarez Gonzalez, Juan and Benucci, Leonardo and de Wolf, Eddi A and Janssen, Xavier and Maes, Thomas and Mucibello, Luca and Ochesanu, Silvia and Roland, Benoit and Rougny, Romain and Selvaggi, Michele and van Haevermaet, Hans and van Mechelen, Pierre and van Remortel, Nick and Blekman, Freya and Blyweert, Stijn and D'Hondt, Jorgen and Devroede, Olivier and Gonzalez Suarez, Rebeca and Kalogeropoulos, Alexis and Maes, Joris and Maes, Michael and van Doninck, Walter and van Mulders, Petra and van Onsem, Gerrit Patrick and Villella, Ilaria and Charaf, Otman and Clerbaux, Barbara and de Lentdecker, Gilles and Dero, Vincent and Gay, Arnaud and Hammad, Gregory Habib and Hreus, Tomas and Marage, Pierre Edouard and Thomas, Laurent and vander Velde, Catherine and Vanlaer, Pascal and Adler, Volker and Cimmino, Anna and Costantini, Silvia and Grunewald, Martin and Klein, Benjamin and Lellouch, J{\'e}r{\'e}mie and Marinov, Andrey and Mccartin, Joseph and Ryckbosch, Dirk and Thyssen, Filip and Tytgat, Michael and Vanelderen, Lukas and Verwilligen, Piet and Walsh, Sinead and Zaganidis, Nicolas and Basegmez, Suzan and Bruno, Giacomo and Caudron, Julien and Ceard, Ludivine and Cortina Gil, Eduardo and de Favereau De Jeneret, Jerome and Delaere, Christophe and Favart, Denis and Giammanco, Andrea and Gr{\'e}goire, Ghislain and Hollar, Jonathan and Lemaitre, Vincent and Liao, Junhui and Militaru, Otilia and Ovyn, Severine and Pagano, Davide and Pin, Arnaud and Piotrzkowski, Krzysztof and Schul, Nicolas and Beliy, Nikita and Caebergs, Thierry and Daubie, Evelyne and Alves, Gilvan and de Jesus Damiao, Dilson and Pol, Maria Elena and Souza, Moacyr Henrique Gomes E and Carvalho, Wagner and Da Costa, Eliza Melo and de Oliveira Martins, Carley and Fonseca De Souza, Sandro and Mundim, Luiz and Nogima, Helio and Oguri, Vitor and Prado Da Silva, Wanda Lucia and Santoro, Alberto and Silva Do Amaral, Sheila Mara and Sznajder, Andre and Torres Da Silva De Araujo, Felipe and de Almeida Dias, Flavia and Fernandez Perez Tomei, Thiago and Gregores, Eduardo de Moraes and Lagana, Caio and Da Cunha Marinho, Franciole and Mercadante, Pedro G and Novaes, Sergio F and Padula, Sandra and Darmenov, Nikolay and Dimitrov, Lubomir and Genchev, Vladimir and Iaydjiev, Plamen and Piperov, Stefan and Rodozov, Mircho and Stoykova, Stefka and Sultanov, Georgi and Tcholakov, Vanio and Trayanov, Rumen and Vankov, Ivan and Dimitrov, Anton and Hadjiiska, Roumyana and Karadzhinova, Aneliya and Kozhuharov, Venelin and Litov, Leander and Mateev, Matey and Pavlov, Borislav and Petkov, Peicho and Bian, Jian-Guo and Chen, Guo-Ming and Chen, He-Sheng and Jiang, Chun-Hua and Liang, Dong and Liang, Song and Meng, Xiangwei and Tao, Junquan and Wang, Jian and Wang, Jian and Wang, Xianyou and Wang, Zheng and Xiao, Hong and Xu, Ming and Zang, Jingjing and Zhang, Zhen and Ban, Yong and Guo, Shuang and Guo, Yifei and Li, Wenbo and Mao, Yajun and Qian, Si-Jin and Teng, Haiyun and Zhang, Linlin and Zhu, Bo and Zou, Wei and Cabrera, Andr{\'e}s and Gomez Moreno, Bernardo and Ocampo Rios, Alberto Andres and Osorio Oliveros, Andres Felipe and Sanabria, Juan Carlos and Godinovic, Nikola and Lelas, Damir and Lelas, Karlo and Plestina, Roko and Polic, Dunja and Puljak, Ivica and Antunovic, Zeljko and Dzelalija, Mile and Brigljevic, Vuko and Duric, Senka and Kadija, Kreso and Morovic, Srecko and Attikis, Alexandros and Galanti, Mario and Mousa, Jehad and Nicolaou, Charalambos and Ptochos, Fotios and Razis, Panos A and Finger, Miroslav and Finger Jr, Michael and Assran, Yasser and Khalil, Shaaban and Mahmoud, Mohammed and Hektor, Andi and Kadastik, Mario and M{\"u}ntel, Mait and Raidal, Martti and Rebane, Liis and Azzolini, Virginia and Eerola, Paula and Fedi, Giacomo and Czellar, Sandor and H{\"a}rk{\"o}nen, Jaakko and Heikkinen, Mika Aatos and Karim{\"a}ki, Veikko and Kinnunen, Ritva and Kortelainen, Matti J and Lamp{\'e}n, Tapio and Lassila-Perini, Kati and Lehti, Sami and Lind{\'e}n, Tomas and...},
title = {{Measurement of the lepton charge asymmetry in inclusive W production in pp collisions at {\$}\sqrts{\$} = 7 TeV. }},
year = {2011},
month = mar
}

@article{Owen:2010fa,
author = {Owen, Robert and Brink, Jeandrew and Chen, Yanbei and Kaplan, Jeffrey D and Lovelace, Geoffrey and Matthews, Keith D and Nichols, David A and Scheel, Mark A and Zhang, Fan and Zimmerman, Aaron and Thorne, Kip S},
title = {{Frame-Dragging Vortexes and Tidal Tendexes Attached to Colliding Black Holes: Visualizing the Curvature of Spacetime}},
journal = {arXiv.org},
year = {2010},
volume = {gr-qc},
month = dec,
annote = {* Temporary entry *}
}

@article{Barger:2011ea,
author = {Barger, Vernon and Chiang, Cheng-Wei and Keung, Wai-Yee and Marfatia, Danny},
title = {{Proton Size Anomaly}},
journal = {Physical Review Letters},
year = {2011},
volume = {106},
number = {15},
month = apr
}

@webpage{Anonymous:u9M632PQ,
title = {{Phys. Rev. Lett. 106, 152001 (2011): Measurement of the Mass Difference between t and t[over ¯] Quarks}},
url = {http://prl.aps.org/abstract/PRL/v106/i15/e152001}
}

@article{Abazov:2011ff,
author = {Abazov, V and Abbott, B and Acharya, B and Adams, M and Adams, T and Alexeev, G and Alkhazov, G and Alton, A and Alverson, G and Alves, G and Ancu, L and Aoki, M and Arov, M and Askew, A and {\AA}sman, B and Atramentov, O and Avila, C and BackusMayes, J and Badaud, F and Bagby, L and Baldin, B and Bandurin, D and Banerjee, S and Barberis, E and Baringer, P and Barreto, J and Bartlett, J and Bassler, U and Bazterra, V and Beale, S and Bean, A and Begalli, M and Begel, M and Belanger-Champagne, C and Bellantoni, L and Beri, S and Bernardi, G and Bernhard, R and Bertram, I and Besan{\c c}on, M and Beuselinck, R and Bezzubov, V and Bhat, P and Bhatnagar, V and Blazey, G and Blessing, S and Bloom, K and Boehnlein, A and Boline, D and Bolton, T and Boos, E and Borissov, G and Bose, T and Brandt, A and Brandt, O and Brock, R and Brooijmans, G and Bross, A and Brown, D and Brown, J and Bu, X and Buehler, M and Buescher, V and Bunichev, V and Burdin, S and Burnett, T and Buszello, C and Calpas, B and Camacho-P{\'e}rez, E and Carrasco-Lizarraga, M and Casey, B and Castilla-Valdez, H and Chakrabarti, S and Chakraborty, D and Chan, K and Chandra, A and Chen, G and Chevalier-Th{\'e}ry, S and Cho, D and Cho, S and Choi, S and Choudhary, B and Christoudias, T and Cihangir, S and Claes, D and Clutter, J and Cooke, M and Cooper, W and Corcoran, M and Couderc, F and Cousinou, M-C and Croc, A and Cutts, D and Das, A and Davies, G and De, K and de Jong, S and de La Cruz-Burelo, E and D{\'e}liot, F and Demarteau, M and Demina, R and Denisov, D and Denisov, S and Desai, S and DeVaughan, K and Diehl, H and Diesburg, M and Dominguez, A and Dorland, T and Dubey, A and Dudko, L and Duggan, D and Duperrin, A and Dutt, S and Dyshkant, A and Eads, M and Edmunds, D and Ellison, J and Elvira, V and Enari, Y and Evans, H and Evdokimov, A and Evdokimov, V and Facini, G and Ferbel, T and Fiedler, F and Filthaut, F and Fisher, W and Fisk, H and Fortner, M and Fox, H and Fuess, S and Gadfort, T and Garcia-Bellido, A and Gavrilov, V and Gay, P and Geist, W and Geng, W and Gerbaudo, D and Gerber, C and Gershtein, Y and Ginther, G and Golovanov, G and Goussiou, A and Grannis, P and Greder, S and Greenlee, H and Greenwood, Z and Gregores, E and Grenier, G and Gris, Ph and Grivaz, J-F and Grohsjean, A and Gr{\"u}nendahl, S and Gr{\"u}newald, M and Guo, F and Gutierrez, G and Gutierrez, P and Haas, A and Hagopian, S and Haley, J and Han, L and Harder, K and Harel, A and Hauptman, J and Hays, J and Head, T and Hebbeker, T and Hedin, D and Hegab, H and Heinson, A and Heintz, U and Hensel, C and Heredia-De La Cruz, I and Herner, K and Hildreth, M and Hirosky, R and Hoang, T and Hobbs, J and Hoeneisen, B and Hohlfeld, M and Hossain, S and Hubacek, Z and Huske, N and Hynek, V and Iashvili, I and Illingworth, R and Ito, A and Jabeen, S and Jaffr{\'e}, M and Jain, S and Jamin, D and Jesik, R and Johns, K and Johnson, M and Johnston, D and Jonckheere, A and Jonsson, P and Joshi, J and Juste, A and Kaadze, K and Kajfasz, E and Karmanov, D and Kasper, P and Katsanos, I and Kehoe, R and Kermiche, S and Khalatyan, N and Khanov, A and Kharchilava, A and Kharzheev, Y and Khatidze, D and Kirby, M and Kohli, J and Kozelov, A and Kraus, J and Kumar, A and Kupco, A and Kur{\v c}a, T and Kuzmin, V and Kvita, J and Lammers, S and Landsberg, G and Lebrun, P and Lee, H and Lee, S and Lee, W and Lellouch, J and Li, L and Li, Q and Lietti, S and Lim, J and Lincoln, D and Linnemann, J and Lipaev, V and Lipton, R and Liu, Y and Liu, Z and Lobodenko, A and Lokajicek, M and Love, P and Lubatti, H and Luna-Garcia, R and Lyon, A and Maciel, A and Mackin, D and Madar, R and Maga{\~n}a-Villalba, R and Malik, S and Malyshev, V and Maravin, Y and Mart{\'\i}nez-Ortega, J and Mccarthy, R and McGivern, C and Meijer, M and Melnitchouk, A and Menezes, D and Mercadante, P and Merkin, M and Meyer, A and Meyer, J and Miconi, F and Mondal, N and Muanza, G and Mulhearn, M and Nagy, E and Naimuddin, M and Narain, M and Nayyar, R and Neal, H and Negret, J and Neustroev, P and Novaes, S and Nunnemann, T and Obrant, G and Orduna, J and Osman, N and Osta, J and Otero y Garz{\'o}n, G and Owen, M and Padilla, M and Pangilinan, M and Parashar, N and Parihar, V and Park, S and Parsons, J and Partridge, R and Parua, N and Patwa, A and Penning, B and Perfilov, M and Peters, K and Peters, Y and Petrillo, G and P{\'e}troff, P and Piegaia, R and Piper, J and Pleier, M-A and Podesta-Lerma, P and Podstavkov, V and Pol, M-E and Polozov, P and Popov, A and Prewitt, M and Price, D and Protopopescu, S and Qian, J and Quadt, A and Quinn, B and Rangel, M and Ranjan, K and Ratoff, P and Razumov, I and Renkel, P and Rijssenbeek, M and Ripp-Baudot, I and Rizatdinova, F a...},
title = {{Measurement of color flow in tt[over ¯] events from pp[over ¯] collisions at sqrt[s]=1.96  TeV}},
journal = {Physical Review D},
year = {2011},
volume = {83},
number = {9},
month = may
}

@article{Akesson:1999uv,
author = {{\AA}kesson, T},
title = {{The ATLAS experiment at the CERN Large Hadron Collider - CERN Document Server}},
journal = {Particles},
year = {1999}
}

@unpublished{Friedl:1140134,
author = {Friedl, M and Frischauf, N and Bauer, T and Bergauer, T and Waltenberger, W and Knapitsch, A R and Irmler, C and Kratschmer, I and Treberer-treberspurg, W and Rahbaran, B and Innocente, V and Camporesi, T and Gowdy, S and Malgeri, L and Marchioro, A and Moneta, L and Weingarten, W and Giunta, M and Rovere, M and Bonato, A and Spataru, A C and Zhang, S and Perieanu, A and Heracleous, N and Reithler, H K V and Philipps, B and Merschmeyer, M K and Heidemann, C A and Geenen, H and Kuessel, Y and Kuznetsova, E and Olzem, J and Bethani, A and Calligaris, L and Walsh bastos rangel, R and Dorland, T M M and Quast, G and Dierlamm, A H and Katkov, I and Ulrich, R M and Stober, F M H and Barth, C and Mol, X and Kornmayer, A and Matorras, F and Calderon tazon, A and Lopez garcia, A and Brochero cifuentes, J A and Bercher, M J and Haguenauer, M and Sirois, Y and Mironov, C M and Depasse, P and Sgandurra, L and Heath, G P and Meng, Z and Hartley, D A and Geddes, N I and Quinton, S and Tomalin, I R and Harder, K and Francis, V B and Zhang, Z and Geralis, T and Loukas, D and Topsis giotis, I and Bencze, G and Hernath, S T and Szeberenyi, I and Banerjee, S and Singh, S and Colaleo, A and Maggi, G P and Maggi, M and Loddo, F and Campanini, R and D'antone, I and Grandi, C and Guiducci, L and Gulmini, M and Fantinel, S and Meridiani, P and Joo, K K and Song, S and Rhee, J and Won, E and Jo, M and Kim, H and Kim, D H and Kim, G N and Kim, J E and Son, T and Dominik, W M and Bunkowski, K and Rasteiro da silva, J C and Varela, J and Alves, A and Sulimov, V and Vorobyev, A and Murzin, V and Lukyanenko, S and Mesyats, G and Postoev, V and Pashenkov, A and Solovey, A and Troitsky, S and Lychkovskaya, N and Safronov, G and Fedotov, A and Olimov, K and Fazilov, M and Umaraliev, A and Dumanoglu, I and Bakirci, N M and Dozen, C and Zeyrek, M and Yalvac, M and Ozkorucuklu, S and Sevim, K and Chang, Y and Lin, W T and Bahinipati, S and Biery, K A and Gottschalk, E E and Maeshima, K and Kramer, T and Kwan, S W L and Murray, S J and Taylor, L and Mokhov, N and Marraffino, J M and Mrenna, S and Yarba, V and Banerjee, B and Elvira, V D and Hare, D C and Holzman, B and Yumiceva del pozo, F X and Dagenhart, W and Dumitrescu, C L and Ryu, S C and Kilminster, B J and Adelman-mc carthy, J K and Bazterra, V E and Bucinskaite, I and Karchin, P E and Incandela, J R and D'Alfonso, M and Rossin, R and West, C A and Gran, J L and Zilizi, G and Raics, P P and Bhardwaj, A and Naimuddin, M and Kumar, A and Smiljkovic, N and De oliveira martins, C P and Petek, M and Vercosa custodio, A and Tonelli manganote, E J and Narjanen, M T and Graehling, P and Blekman, F and Keaveney, J M and Blyweert, S and van Remortel, N and Janssen, X J and Druzhkin, D and Bansal, M and Aleksandrov, A and Shopova, M F and Fernandez perez tomei, T R and Krug, C and Shinoda, A A and Rohe, T V and Arce, P and Daniel, M and Navarrete marin, J J and Redondo fernandez, I and Guirao elias, A and Santaolalla camino, J and Lottin, J and Gras, P and Kircher, F and Levesy, B and Payn, A and Nayak, A K and Bhatnagar, V and Randieri, C and Bruzzi, M and Starodubtsev, O and Tropiano, A and Piccolo, D and Sciacca, C and Meola, S and Saccomanno, A and Esposito, M and Azzi, P and Conti, E and Lacaprara, S and Margoni, M and Sgaravatto, M and Pozzobon, N and Torre, P and Checcucci, B and Fan{\`o}, L and Taroni, S and Lucaroni, A and Romeo, F and Bagliesi, G and Ciocci, M A and Giassi, A and Boccali, T and Arezzini, S and Rizzi, A and Broccolo, G and Dattola, D and Mariotti, C and Ballestrero, A and Camacho-P{\'e}rez, E and Maga{\~n}a-Villalba, R and Mart{\'\i}nez-Ortega, J and G{\'o}rski, M and Wrochna, G and Bluj, M J and Zarubin, A and Nozdrin, M and Ladygin, V and Golunov, A and Sotnikov, A and Evdokimov, N and Lokhtin, I and Ershov, A and Tyurin, N and Akimenko, S and Talov, V and Belikov, N and Ryazanov, A and Hou, G W and Chao, Y and Alwall, J and Shi, X and Wood, D R and Baumgartel, D C and Zhang, J and Luckey, P D and Sumorok, K C and Gomez ceballos retuerto, G and Jaditz, S H and Stephans, G S and Ma, T and Lehtonen, P J and Chan, M H and Moult, I J and Ofierzynski, R A and Pozdnyakov, A and Pollack, B L and Padley, P B and Adair, A H and Clarida, W J and Tiras, E and Cerizza, G and Pieri, M and Sharma, V A and Lebourgeois, M W and Norman, M and Golf, F and Murray, M J and Bowen, J L S and Buterbaugh, K and Sharma, M and Bunn, J and Newman, H and Gataullin, M and Spiropulu, M and Veverka, J and Thomas, S D and Rose, K J and Panwalkar, S M and Calamba, A and Xie, Z and Werner, J S and Zuranski, A M and Ferapontov, A and Laird, E M and Kukartsev, G and Mao, Z and Wimpenny, S J and Gleyzer, S and Weinberg, M G and Veeraraghavan, V and Bochenek, J...},
title = {{CMS - The Compact Muon Solenoid}},
month = jan,
year = {1996}
}

@article{hlt,
author = {{CMS Collaboration}},
title = {{The Trigger and Data Acquisition Project Technical Design Report, Volume 2: Data Acquisition and High-Level Trigger}},
journal = {CERN/LHCC 2002-026, CMS TDR 6.2},
year = {2002}
}

@article{duong,
author = {Nguyen, D},
title = {{MC-based L1 jet Et correction}},
journal = {CMS Jet Energy Corrections Meeting, 16 July},
year = {2010},
annote = {See also subsequent updates}
}

@article{l1,
author = {{CMS Collaboration}},
title = {{The Trigger and Data Acquisition Project Technical Design Report, Volume 1, The Level-1 Trigger}},
journal = {CERN/LHCC 2000-038, CMS TDR 6.1},
year = {2000}
}

@article{gctcomm,
author = {Marrouche, J and {others}},
title = {{Commissioning the CMS Global Calorimeter Trigger}},
journal = {CMS IN},
year = {2010},
volume = {2010/029}
}

@article{l1craft,
author = {{CMS Collaboration}},
title = {{Performance of the CMS Level-1 Trigger during Commissioning with Cosmic Ray Muons}},
journal = {JINST},
year = {2010},
volume = {5 T03002}
}

@article{jec,
author = {{CMS Collaboration}},
title = {{Determination of the Jet Energy Scale in CMS with {\$}pp{\$} Collisions at {\$}\sqrts{\$} = 7\TeV}},
journal = {CMS PAS},
year = {2010},
volume = {JME-10-010}
}

@article{old1,
author = {Abdullin, S and {others}},
title = {{Energy Corrections for QCD Jets}},
journal = {CMS IN},
year = {2001},
volume = {2001/001}
}

@article{old,
author = {Oljemark, F. and {others}},
title = {{Transverse energy calibration for L1 jets}},
journal = {CMS IN},
year = {2006},
volume = {2006/040}
}

@article{old2,
author = {Abdullin, S and {others}},
title = {{On Improvement of \Lone Trigger \MET Measurement}},
journal = {CMS IN},
year = {2000},
volume = {2000/060}
}

@article{Aad:1332220,
author = {Aad, Georges and Abbott, Brad and Abdallah, Jalal and Abdelalim, Ahmed Ali and Abdesselam, Abdelouahab and Abdinov, Ovsat and Abi, Babak and Abolins, Maris and Abramowicz, Halina and Abreu, Henso and Acerbi, Emilio and Acharya, Bobby Samir and Adams, David and Addy, Tetteh and Adelman, Jahred and Aderholz, Michael and Adomeit, Stefanie and Adragna, Paolo and Adye, Tim and Aefsky, Scott and Aguilar-Saavedra, Juan Antonio and Aharrouche, Mohamed and Ahlen, Steven and Ahles, Florian and Ahmad, Ashfaq and Ahsan, Mahsana and Aielli, Giulio and Akdogan, Taylan and {\AA}kesson, Torsten Paul Ake and Akimoto, Ginga and Akimov, Andrei and Alam, Mohammad and Alam, Muhammad Aftab and Albrand, Solveig and Aleksa, Martin and Aleksandrov, Igor and Aleppo, Mario and Alessandria, Franco and Alexa, Calin and Alexander, Gideon and Alexandre, Gauthier and Alexopoulos, Theodoros and Alhroob, Muhammad and Aliev, Malik and Alimonti, Gianluca and Alison, John and Aliyev, Magsud and Allport, Phillip and Allwood-Spiers, Sarah and Almond, John and Aloisio, Alberto and Alon, Raz and Alonso, Alejandro and Alviggi, Mariagrazia and Amako, Katsuya and Amaral, Pedro and Amelung, Christoph and Ammosov, Vladimir and Amorim, Antonio and Amor{\'o}s, Gabriel and Amram, Nir and Anastopoulos, Christos and Andeen, Timothy and Anders, Christoph Falk and Anderson, Kelby and Andreazza, Attilio and Andrei, George Victor and Andrieux, Marie-Laure and Anduaga, Xabier and Angerami, Aaron and Anghinolfi, Francis and Anjos, Nuno and Annovi, Alberto and Antonaki, Ariadni and Antonelli, Mario and Antonelli, Stefano and Antos, Jaroslav and Anulli, Fabio and Aoun, Sahar and Aperio Bella, Ludovica and Apolle, Rudi and Arabidze, Giorgi and Aracena, Ignacio and Arai, Yasuo and Arce, Ayana and Archambault, John-Paul and Arfaoui, Samir and Arguin, Jean-Francois and Arik, Engin and Arik, Metin and Armbruster, Aaron James and Arnaez, Olivier and Arnault, Christian and Artamonov, Andrei and Artoni, Giacomo and Arutinov, David and Asai, Shoji and Asfandiyarov, Ruslan and Ask, Stefan and {\AA}sman, Barbro and Asquith, Lily and Assamagan, Ketevi and Astbury, Alan and Astvatsatourov, Anatoli and Atoian, Grigor and Aubert, Bernard and Auerbach, Benjamin and Auge, Etienne and Augsten, Kamil and Aurousseau, Mathieu and Austin, Nicholas and Avramidou, Rachel Maria and Axen, David and Ay, Cano and Azuelos, Georges and Azuma, Yuya and Baak, Max and Baccaglioni, Giuseppe and Bacci, Cesare and Bach, Andre and Bachacou, Henri and Bachas, Konstantinos and Bachy, Gerard and Backes, Moritz and Backhaus, Malte and Badescu, Elisabeta and Bagnaia, Paolo and Bahinipati, Seema and Bai, Yu and Bailey, David and Bain, Travis and Baines, John and Baker, Oliver Keith and Baker, Mark and Baker, Sarah and Baltasar Dos Santos Pedrosa, Fernando and Banas, Elzbieta and Banerjee, Piyali and Banerjee, Swagato and Banfi, Danilo and Bangert, Andrea Michelle and Bansal, Vikas and Bansil, Hardeep Singh and Barak, Liron and Baranov, Sergei and Barashkou, Andrei and Barbaro Galtieri, Angela and Barber, Tom and Barberio, Elisabetta Luigia and Barberis, Dario and Barbero, Marlon and Bardin, Dmitri and Barillari, Teresa and Barisonzi, Marcello and Barklow, Timothy and Barlow, Nick and Barnett, Bruce and Barnett, Michael and Baroncelli, Antonio and Barr, Alan and Barreiro, Fernando and Barreiro Guimar{\~a}es da Costa, Jo{\~a}o and Barrillon, Pierre and Bartoldus, Rainer and Barton, Adam Edward and Bartsch, Detlef and Bates, Richard and Batkova, Lucia and Batley, Richard and Battaglia, Andreas and Battistin, Michele and Battistoni, Giuseppe and Bauer, Florian and Bawa, Harinder Singh and Beare, Brian and Beau, Tristan and Beauchemin, Pierre-Hugues and Beccherle, Roberto and Bechtle, Philip and Beck, Hans Peter and Beckingham, Matthew and Becks, Karl-Heinz and Beddall, Andrew and Beddall, Ayda and Bednyakov, Vadim and Bee, Christopher and Begel, Michael and Behar Harpaz, Silvia and Behera, Prafulla and Beimforde, Michael and Belanger-Champagne, Camille and Bell, Paul and Bell, William and Bella, Gideon and Bellagamba, Lorenzo and Bellina, Francesco and Bellomo, Giovanni and Bellomo, Massimiliano and Belloni, Alberto and Beloborodova, Olga and Belotskiy, Konstantin and Beltramello, Olga and Ben Ami, Sagi and Benary, Odette and Benchekroun, Driss and Benchouk, Chafik and Bendel, Markus and Benedict, Brian Hugues and Benekos, Nektarios and Benhammou, Yan and Benjamin, Douglas and Benoit, Mathieu and Bensinger, James and Benslama, Kamal and Bentvelsen, Stan and Berge, David and Bergeaas Kuutmann, Elin and Berger, Nicolas and Berghaus, Frank and Berglund, Elina and Beringer, J{\"u}rg and Bernardet, Karim and Bernat, Pauline and Bernhard, Ralf and Bernius, Catrin and Berr...},
title = {{Search for squarks and gluinos using final states with jets and missing transverse momentum with the ATLAS detector in √s = 7 TeV proton-proton collisions. }},
journal = {arXiv.org},
year = {2011},
month = feb,
annote = {Comments: 5 pages plus author list (17 pages total), 3 figures, 2 tables, submitted to Physics Letters B}
}

@article{Collaboration:2011vq,
author = {Collaboration, CDF and Aaltonen, T},
title = {{Invariant Mass Distribution of Jet Pairs Produced in Association with a W boson in ppbar Collisions at sqrt(s) = 1.96 TeV}},
year = {2011},
month = apr
}

@article{Lee:1342380,
author = {Lee, Jong-Phil},
title = {{Black-hole bombs at the LHC}},
journal = {arXiv.org},
year = {2011},
volume = {hep-ph},
month = apr,
annote = {Comments: 10 pages, 1 figure, 1 table}
}

